3200 5150
1410 377 1919 450 -33-

657 580 789 654 Sed
856 582 1250 676 quaeritur,
1312 583 1500 679 apud
1570 606 1778 678 quem
1852 583 2359 679 magistratum
2438 583 2535 656 lis
2616 587 2897 672 αἰκείας

450 701 540 773 ab
626 708 856 774 actore
931 701 1366 798 Theophemo
1453 703 1730 778 intenta
1816 703 1957 780 iam
2056 702 2463 776 constiterit.
2616 695 2895 776 Hubert

447 821 578 916 (cf.
678 820 722 894 l.
808 822 853 897 1.
953 845 1112 919 pag.
1213 824 1356 918 40)
1463 824 1681 897 dicit:
1806 824 2171 915 ‚actionem
2272 828 2509 898 autem
2616 828 2894 912 αἰκείας

449 941 663 1016 etiam
747 947 900 1014 tum
969 941 1085 1014 vel
1165 944 1298 1017 sub
1383 944 1651 1020 arbitro
1731 945 1841 1016 vel
1916 947 2047 1018 sub
2119 943 2349 1016 iudice
2425 967 2581 1016 csse
2650 943 2899 1016 docent

450 1063 684 1136 verba‘
792 1067 916 1135 etc.
1085 1061 1236 1160 Ego
1332 1064 1653 1138 invenire
1742 1085 1884 1138 non
1982 1088 2303 1161 possum,
2397 1062 2581 1136 unde
2674 1088 2895 1160 appa·

450 1189 602 1256 reat
672 1183 872 1256 litem
943 1187 1219 1273 αἰκείας
1281 1184 1508 1258 fuisse
1579 1186 1767 1281 apud
1832 1185 2120 1259 iudices.
2220 1185 2445 1258 Immo
2498 1183 2898 1258 verisimile

449 1327 603 1376 esse
671 1301 852 1376 mihi
915 1302 1198 1377 videtur
1261 1305 1607 1378 actionem
1669 1306 1877 1378 illam
1949 1305 2137 1401 apud
2204 1305 2497 1390 eundem
2571 1310 2899 1377 constare

449 1422 844 1516 diaetetam‚
897 1423 1033 1517 cui,
1084 1430 1457 1520 postquam
1495 1432 1691 1499 actor
1742 1426 2035 1500 revertit
2088 1425 2550 1500 trierarchiae
2604 1449 2899 1498 munere

448 1543 762 1636 functuS‚
825 1543 1060 1618 delata
1123 1551 1292 1618 erat.
1396 1546 1841 1642 Quamquam
1911 1545 2102 1619 euim
2171 1547 2337 1642 plus
2408 1568 2625 1640 quam
2703 1569 2899 1618 unus

449 1687 710 1756 annm,
774 1670 854 1737 ut
914 1664 1110 1738 intra
1176 1666 1793 1759 demonstrabitur,
1857 1661 2158 1740 interest
2220 1667 2407 1739 inter
2477 1666 2674 1738 litem
2744 1666 2898 1763 pri-

451 1784 757 1858 mariam
829 1790 896 1858 et
961 1784 1161 1858 litem
1235 1789 1927 1887 ψευδομαρτυριῶν,
2000 1795 2237 1861 tamon
2312 1786 2564 1860 arbitri
2636 1787 2898 1862 uuius-

451 1906 794 2001 cuiusque
838 1911 1008 2000 erat,
1060 1905 1256 1983 litem
1314 1906 1451 1980 sibi
1505 1907 1815 1981 delatam
1870 1909 2206 1981 conficere
2244 1907 2355 2001 (cf.
2392 1905 2612 1981 Arist.
2644 1905 2903 2007 Ἀθην.

449 2033 606 2099 πολ.
660 2049 762 2121 cp.
815 2025 1034 2118 LIII).

656 2163 813 2236 I‘am
883 2187 1314 2260 quaeramus
1383 2164 1688 2237 fueritne
1756 2189 1918 2261 spes
1994 2171 2299 2239 actorem
2367 2165 2565 2238 litem
2637 2168 2902 2262 ψευδο-

448 2291 872 2383 μαρτυριῶν
909 2309 1063 2358 esse
1101 2285 1563 2358 obtenturum.
1652 2285 1925 2374 Quibus
1962 2287 2171 2360 rebus
2220 2292 2606 2360 commotus
2646 2285 2827 2384 Sigg
2850 2283 2901 2378 1)

447 2403 711 2476 iudicet
764 2405 960 2478 modo
1014 2405 1181 2478 hoc:
1242 2406 1432 2498 ‚iiber
1482 2406 1592 2478 die
1630 2405 1859 2479 Sache
1912 2406 2033 2478 der
2067 2405 2253 2479 Rede
2306 2431 2527 2505 gegeu
2564 2407 2901 2505 Energus

451 2523 594 2597 und
632 2521 1087 2601 Mnesibulus
1134 2525 1415 2600 konnen
1469 2526 1604 2599 wir
1656 2549 1791 2624 gar
1842 2526 2082 2600 nichts
2139 2527 2433 2603 anderes
2488 2552 2730 2627 Sagen,
2778 2529 2900 2603 als

453 2645 556 2718 sie
635 2645 996 2719 erscheine
1060 2646 1275 2719 -nicht
1354 2647 1871 2745 iiberzeugend‘‚
1951 2672 2099 2745 ego.
2149 2672 2290 2722 non
2358 2649 2576 2723 video,
2704 2650 2903 2723 Mihi

451 2765 732 2861 quidem
771 2790 884 2839 res
922 2766 1132 2839 aliter
1169 2791 1243 2839 se
1279 2767 1536 2840 habere
1573 2767 1869 2840 videtur.
1974 2768 2139 2841 Nisi
2179 2769 2418 2842 omnia
2454 2794 2563 2842 me
2606 2769 2902 2865 fallunt,

452 2892 645 2959 actor
715 2910 996 2983 sperare
1068 2888 1297 2983 potuit
1365 2912 1440 2960 se
1494 2888 1692 2961 litem
1742 2891 2394 2989 ψευδομαρτυριῶν
2446 2913 2599 2963 esse
2654 2892 2897 2964 obten-

453 3015 710 3080 turum.
804 3008 1031 3095 Quam
1087 3008 1174 3081 ad
1229 3007 1654 3081 sententiam
1707 3032 2141 3083 commoveor
2194 3010 2431 3084 verbis
2489 3010 2607 3083 his
2661 3014 2732 3105 (ἓ
2774 3012 2904 3105 64,

453 3152 610 3224 pag.
669 3127 888 3220 1158,
939 3152 1005 3199 V.
1061 3128 1156 3200 25
1215 3129 1422 3223 sqq.):
1499 3126 1989 3219 ἀπαιτοῦντος
2054 3138 2231 3225 ἐμοῦ
2290 3127 2378 3205 τά
2436 3160 2501 3203 τε
2556 3129 2902 3228 πρόβατα

453 3253 575 3322 καὶ
629 3244 719 3321 τὰ
771 3244 1208 3347 ἀνδράποδα
1261 3253 1380 3321 καὶ
1439 3244 1524 3322 τὰ
1581 3245 1795 3350 σκεύη
1853 3243 1900 3323 ὁὶ
1950 3246 2262 3350 ἡρπάκει
2313 3278 2483 3345 μου,
2561 3251 2697 3326 οὐκ
2749 3259 2900 3352 ἔφη

454 3364 862 3442 ἀποδώσειν
913 3396 1066 3463 μοι,
1119 3375 1185 3440 εἰ
1226 3364 1330 3469 μή
1381 3397 1488 3458 τις
1522 3366 1749 3443 αὐτὸν
1788 3367 2055 3470 ἀφήσει
2110 3374 2231 3444 καὶ
2290 3367 2455 3461 τοὺς
2507 3367 2903 3471 ⁴‹ta'gn-vgmcg

456 3495 599 3561 τῶν
654 3491 1324 3589 ψευδομαρτυριῶν.
1427 3488 1659 3576 Quid?
1726 3513 1956 3562 nonne
2010 3514 2098 3563 ox
2149 3490 2269 3563 his
2320 3490 2556 3565 verbis
2608 3491 2903 3564 conclu-

453 3610 610 3683 dere
673 3609 840 3683 licet
890 3608 1410 3704 Theophemum
1475 3610 1725 3705 culpae
1785 3610 2012 3683 fuisse
2068 3610 2206 3683 sibi
2258 3611 2622 3685 conscium
2674 3616 2905 3686 testes

455 3730 677 3803 falsos
748 3729 1180 3825 protulisse?
1311 3730 1526 3803 Haud
1596 3730 1803 3803 dubie
1872 3730 2359 3827 Theophemus
2434 3736 2642 3826 atque
2716 3732 2907 3805 socii

453 3850 609 3924 eius
661 3874 757 3943 eo,
822 3850 1002 3945 quod
1055 3872 1270 3944 quam
1323 3850 1639 3945 plurima
1691 3856 2024 3947 ceperunt
2074 3851 2376 3948 pignora
2422 3856 2726 3924 actorem
2778 3875 2903 3925 co-

452 3994 614 4067 gere
684 3970 1125 4063 studuerunt,
1193 3975 1273 4042 ut
1338 3971 1420 4043 de
1481 3970 1608 4043 lite
1662 3975 2312 4072 ψευδομαρτυριῶν
2362 3970 2729 4044 desisteret
2778 3968 2909 4070 (cf.

456 4098 497 4183 ἓ
559 4092 674 4184 74,
733 4114 890 4187 pag.
951 4090 1167 4183 1161,
1216 4114 1280 4164 V.
1337 4091 1432 4164 25
1489 4114 1672 4186 sqq.:
1746 4086 1947 4166 οὗτοι
2003 4089 2136 4191 γὰρ
2191 4090 2421 4191 ᾠόντο
2456 4150 2469 4165 .
2508 4150 2571 4165 ..
2625 4100 2773 4187 ἐμέ,
2832 4104 2912 4168 εἰ

454 4208 688 4285 πολλοὶ
760 4239 905 4307 μου
973 4208 1260 4305 λάβοιεν
1333 4220 1659 4311 ἐνέχυρα,
1729 4210 2046 4309 ἄσμενον
2112 4209 2423 4313 ἀφήσειν
2492 4208 2658 4302 τοὺς
2709 4209 2910 4314 μοίρ-

630 4465 666 4532 ι)
702 4464 776 4525 ef.
811 4465 1004 4525 annul.
1040 4465 1243 4537 philol.
1279 4466 1469 4538 suppl.
1505 4466 1611 4537 VI,
1647 4484 1778 4536 pag.
1815 4466 1932 4526 411.
