3200 5150
1173 463 1277 476 ....
1381 423 1475 494 25
1587 463 1679 474 ..-

212 627 378 698 dicit
413 633 608 699 actor
655 649 730 698 se
782 626 930 698 iam
964 626 1486 722 Theophemum
1541 649 1764 700 causa
1817 627 2251 698 iniuriarum
2305 625 2648 721 persequi.

216 748 453 841 Itaque
486 745 757 819 falsum
807 754 916 818 est
969 748 1143 842 quod
1185 745 1490 820 Schulze
1543 747 1897 819 contendit
1950 746 2295 818 actionem
2349 745 2647 818 oratoris

215 867 590 939 rescissam
677 866 940 958 fuisse,
1031 890 1193 938 cum
1284 867 1743 964 adversarius
1834 863 2127 938 vicisset
2206 865 2647 960 antigraphe.

131 973 144 981 ”
211 985 369 1058 Huc
407 986 691 1079 accedit,
737 987 918 1081 quod
956 986 1450 1081 unusquisque
1487 986 1751 1058 arbiter
1804 1009 2100 1058 causam
2149 985 2287 1058 sibi
2339 984 2646 1058 delatam

211 1106 598 1201 disceptare
650 1106 888 1179 debuit
939 1106 1052 1201 (cf.
1085 1106 1309 1178 Arist.
1357 1103 1606 1204 Ἀθην.
1640 1113 1803 1180 πολ..
1854 1105 2199 1202 cp.·L1H:
2257 1109 2379 1178 καὶ
2430 1102 2646 1195 ἀναγ-

223 1240 418 1298 καῖον
486 1222 575 1316 ἂς
648 1224 742 1298 ἄν
808 1232 1114 1315 ἕκαστος
1181 1221 1364 1331 λάχῃ
1437 1221 1775 1325 [διαίτας]
1852 1228 2285 1317 ἐκδιαιτᾶν),
2356 1231 2437 1297 ut
2510 1225 2648 1298 hac

210 1369 475 1442 quoque
549 1369 770 1418 causa
841 1346 1185 1419 actionem
1253 1345 1550 1418 oratoris
1608 1343 1795 1440 apud
1849 1344 2226 1418 diaetetam
2276 1345 2424 1418 iam
2480 1367 2643 1419 con-

213 1471 396 1538 stare
448 1466 650 1538 nobis
707 1466 803 1538 sit
854 1465 1268 1561 putandum.

409 1602 662 1676 Restat
685 1601 930 1699 igitur,
965 1610 1045 1675 ut
1079 1603 1547 1675 demonstrem
1588 1601 2066 1697 antigraphen
2102 1607 2267 1674 ante
2302 1601 2648 1674 actionem

207 1722 581 1796 diiudicari
617 1745 760 1798 non
797 1723 1204 1817 oportuisse.
1311 1721 1390 1794 Si
1441 1728 1625 1793 reete
1682 1745 1755 1793 se
1808 1721 2022 1792 habet
2068 1719 2141 1792 id
2196 1720 2377 1814 quod
2428 1744 2649 1816 supra

209 1843 574 1936 posuimus
651 1842 1181 1938 paragraphen,
1265 1865 1480 1937 quam
1547 1841 2033 1935 Theophemus
2114 1840 2650 1935 interposuerat,

211 1985 342 2038 non
407 1963 635 2034 fuisse
702 1961 1213 2058 exceptionem,
1281 1962 1400 2035 sed
1467 1961 1992 2056 Theophemum
2059 1960 2511 2056 paragrapho
2582 1966 2649 2031 et

213 2081 626 2178 hypomosia
691 2083 1151 2178 interpositiS,
1215 2089 1296 2154 ut
1348 2082 1694 2153 iudicium
1750 2080 2001 2154 arbitri
2056 2079 2353 2153 alterius
2406 2080 2647 2152 differ-

203 2209 414 2294 retur,
451 2225 764 2298 rogasse,
813 2203 904 2294 id,
957 2225 1090 2297 quo
1129 2201 1450 2274 Schulzii
1505 2200 1855 2272 sententia
1902 2199 2177 2292 nititur,
2226 2200 2429 2272 cadit.
2519 2199 2645 2272 Se-

206 2323 466 2416 quitur,
526 2329 608 2394 ut
675 2345 818 2394 non
871 2322 1104 2414 fuerit,
1171 2345 1300 2393 cur
1363 2320 1791 2417 antigraphe
1859 2325 2021 2391 ante
2088 2319 2431 2392 actionem
2494 2320 2642 2415 pri·-

212 2443 510 2516 mariam
579 2431 1104 2514 diiudicaretur.
1211 2440 1288 2514 Si
1355 2464 1430 2512 re
1497 2463 1670 2512 vera
1736 2446 1981 2511 nostra
2046 2439 2127 2510 in
2181 2462 2401 2512 causa
2458 2440 2646 2511 anti-

207 2563 477 2659 grapho
545 2563 740 2658 prior
806 2561 1255 2654 diiudicatur,
1322 2585 1463 2633 non
1525 2559 1854 2652 efficitur,
1928 2565 2007 2632 ut
2076 2559 2157 2632 de
2223 2583 2649 2655 unaquaque

207 2684 634 2779 antigraphe
663 2689 826 2756 ante
857 2682 1200 2755 actionem
1229 2682 1651 2777 primariam
1680 2680 2025 2753 iudicium
2050 2680 2222 2753 ferri
2251 2682 2647 2775 oportuerit.

411 2820 544 2893 Sed
612 2821 786 2893 haec
850 2820 1215 2892 hactenns,
1313 2818 1713 2892 Videamus
1768 2840 1947 2913 quae
1995 2818 2187 2889 facta
2242 2818 2405 2910 sint,
2455 2826 2645 2913 post-

205 2964 420 3035 quam
477 2947 672 3013 actor
725 2940 814 3013 ab
867 2939 1223 3013 indicibus
1278 2948 1386 3013 est
1438 2940 1841 3012 damnatus,

408 3080 627 3180 Actor
650 3073 698 3169 ¹)
745 3101 908 3150 cum
961 3077 1164 3169 diem,
1215 3100 1350 3172 quo
1403 3076 1633 3148 multa
1687 3075 1751 3147 ei
1804 3080 1956 3147 erat
2010 3074 2368 3166 solvenda,
2418 3074 2646 3169 negli-

203 3222 366 3293 gere
433 3198 670 3290 nollet,
705 3287 710 3292 ἱ
741 3196 1262 3293 Theophemum
1337 3195 1665 3269 convenit
1736 3196 1999 3289 absque
2068 3216 2145 3265 eo
2214 3193 2483 3289 petivit,
2551 3201 2649 3286 ut,

203 3341 369 3390 cum
433 3319 695 3391 iterum
763 3316 1228 3389 trierarchiae
1299 3340 1589 3389 munere
1646 3338 1720 3387 se
1772 3314 1983 3410 fungi
2039 3320 2394 3408 oporteret,
2461 3312 2643 3385 diem

207 3439 578 3532 proferret3
679 3461 754 3510 se
833 3460 988 3509 esse
1068 3437 1502 3528 soluturum,
1588 3459 1752 3507 cum
1830 3434 2045 3506 navis
2126 3439 2367 3505 evecta
2447 3440 2649 3505 esset.
2711 3522 2721 3530 μ

202 3546 692 3655 Theophemus
757 3558 1102 3630 concessit
1163 3565 1230 3629 et
1301 3563 1494 3629 actor
1545 3554 1918 3627 nonnullis
1974 3554 2218 3625 diebus
2271 3560 2645 3648 postquam

209 3700 464 3751 navem
531 3678 888 3769 emiserat,
947 3677 1466 3772 Theophemum
1536 3675 1714 3747 adiit
1788 3674 2011 3769 adque
2080 3673 2498 3769 trapezitam
2572 3696 2646 3745 se

206 3799 408 3893 sequi
460 3798 698 3890 iussit,
751 3804 834 3869 ut
882 3798 1260 3893 pecuniam
1311 3796 1673 3890 acciperet.
1778 3792 1911 3866 Sed
1961 3793 2450 3889 Theophemus
2504 3816 2647 3864 non
2730 3822 2737 3826 ·

208 3925 492 3991 secutus
567 3941 854 4015 gregem
923 3917 1181 3989 actoris
1247 3925 1314 3989 et
1382 3922 1764 4011 pastorem·
1810 3914 1991 4009 cepit
2058 3920 2267 4008 atque
2335 3913 2453 3985 his
2504 3936 2647 3985 non

204 4044 570 4111 contentus
609 4060 770 4111 cum
807 4036 1083 4133 Euergo
1120 4044 1185 4110 et
1220 4035 1623 4115 Mnesibulo
1657 4035 1737 4106 in
1789 4058 2035 4129 campo
2089 4033 2347 4106 actoris
2403 4056 2645 4105 servos

203 4156 358 4229 eius
423 4181 663 4230 secum
725 4158 1064 4231 abducere
1127 4163 1421 4229 conatus
1507 4161 1631 4227 est.
1735 4153 1872 4241 Qui
1939 4177 2101 4226 cum
2172 4152 2647 4251 diffugissent,

205 4276 295 4349 ad
361 4279 617 4350 actoris
683 4277 966 4349 domum
1032 4277 1145 4348 illi
1213 4277 1499 4349 iverunt
1565 4276 1805 4369 ibique
1876 4274 2133 4365 omnia,
2206 4295 2387 4368 quae
2441 4274 2645 4345 inve·-

384 4496 419 4562 1)
456 4499 518 4565 ἐξ
551 4498 621 4555 49
657 4502 770 4567 (pg.
808 4498 957 4563 1154,
993 4515 1050 4554 v.
1085 4496 1140 4563 4)
1181 4530 1245 4539 -
1283 4498 1350 4555 73
1385 4496 1500 4563 (pg.
1538 4495 1688 4561 1161,
1724 4511 1779 4549 v.
1815 4493 1917 4553 20).
