3200 5150
17 1883 82 1938 ,1⁴:-

0 2001 17 2038 ᾖ.
43 1993 88 2036 ἦν·

0 2106 6 2135 :
33 2101 88 2146 nar

41 2186 86 2228 ΓΞ

19 2264 87 2322 {³²²2

0 2370 3 2427 ῑ

1379 723 1418 739 Q

1412 989 1860 1094 Vita.

407 1255 646 1371 Natus
705 1331 846 1371 sum
905 1307 1136 1393 Wolfig.
1197 1307 1440 1374 Theod.
1495 1308 1646 1374 Joh.
1705 1307 2086 1373 Preibsoh
2159 1309 2224 1371 in
2282 1307 2522 1395 oppido
2577 1307 2858 1373 VVurzen

408 1434 467 1476 a.
516 1409 575 1475 d.
622 1411 711 1477 X.
759 1409 908 1478 Kal.
957 1411 1163 1498 April.
1222 1435 1277 1478 a.
1332 1411 1390 1478 h.
1439 1435 1491 1478 S.
1548 1413 1769 1478 LXX.
1858 1410 2047 1477 Fidei
2108 1410 2405 1477 addictus
2462 1435 2601 1477 sum
2664 1435 2861 1478 evan-

403 1515 675 1600 gelicae.
764 1516 1119 1602 Postquam
1150 1516 1217 1580 in
1246 1515 1400 1581 ludo
1438 1517 1699 1603 publico
1743 1518 2103 1582 litterarum
2145 1515 2525 1582 rudimentis
2571 1517 2857 1582 imbutus

406 1642 574 1701 sum,
617 1644 669 1687 a.
716 1620 776 1686 h.
825 1643 871 1688 s,
918 1619 1232 1684 LXXIX
1291 1621 1358 1684 in
1414 1621 1816 1707 gymnasium
1858 1621 2300 1688 Wurzenense
2354 1628 2652 1708 receptus
2698 1645 2855 1688 sum.

409 1723 580 1790 Cum
628 1732 812 1812 pater
856 1747 1037 1790 meus
1085 1747 1137 1789 a.
1170 1723 1229 1791 h.
1262 1747 1309 1790 S.
1343 1725 1737 1794 LXXXIV
1767 1725 2059 1792 Dresdas
2089 1731 2358 1790 vocatus
2392 1733 2565 1790 esset
2606 1749 2723 1813 per
2760 1733 2859 1791 ter

405 1852 528 1894 sex
549 1851 803 1894 menses
831 1829 994 1896 civis
1017 1829 1110 1894 fui
1131 1829 1451 1916 gymnasii
1476 1829 1875 1896 Wettiniani.
1929 1830 2123 1895 Anno
2146 1828 2857 1896 MDCCCLXXXIX

403 1933 848 1999 testimonium
903 1933 1294 1998 maturitatis
1349 1933 1415 1998 in
1459 1934 1795 2022 gymnasio
1840 1934 2193 2000 Budissino
2240 1933 2527 2021 adeptus⁴
2560 1931 2855 2022 Lipsiam

405 2061 513 2102 me
578 2026 846 2118 contuli,
908 2045 982 2102 ut
1042 2029 1434 2125 philologiae
1500 2062 1763 2126 operam
1819 2061 2139 2105 navarem.
2244 2038 2513 2104 Soholas
2569 2039 2702 2104 adii
2757 2041 2858 2107 vi-

400 2165 625 2208 rorum
687 2142 1262 2207 illustrissimorum
1329 2143 1645 2208 Bureschi
1715 2143 1991 2230 Gregori
2056 2142 2295 2208 Heinzi
2364 2142 2441 2210 R.
2498 2143 2855 2210 Hofmanni

399 2246 742 2311 Immisohi
799 2245 984 2332 Lipsi
1056 2245 1308 2312 Ratzeli
1363 2247 1687 2313 Ribbeeki
1731 2247 2022 2313 Richteri
2070 2246 2355 2314 Sieversi
2400 2247 2855 2314 Waohsmuthi

400 2349 776 2417 Windisehi
839 2349 946 2415 Fr.
998 2350 1288 2418 Zarnoki.
1403 2352 1626 2418 Unum
1688 2375 1802 2440 per
1863 2375 2098 2418 annum
2159 2351 2422 2417 interfui
2490 2353 2857 2418 exercitati-

403 2454 641 2522 onibus
684 2453 1129 2542 proseminarii
1173 2478 1302 2543 reg.
1363 2456 1580 2543 philol.
1672 2456 1989 2523 Seminari
2034 2479 2164 2542 reg.
2208 2455 2428 2543 philol.
2474 2455 2715 2522 sodalis
2761 2459 2856 2523 fui

401 2583 526 2649 per
554 2582 670 2626 sex
713 2582 968 2625 menses
1015 2559 1554 2628 extraordinarius
1603 2568 1669 2628 et
1711 2585 1828 2650 per
1870 2568 1971 2628 ter
2016 2584 2133 2629 sex
2174 2584 2427 2627 menses
2474 2560 2852 2631 ordinarius

399 2664 594 2731 Idem
627 2664 1033 2751 frequentavi
1077 2687 1196 2751 per
1239 2664 1402 2731 duos
1449 2689 1651 2732 annos
1698 2665 2191 2732 exercitationes
2236 2665 2629 2753 antiquarias
2660 2667 2850 2755 Lipsi

402 2776 478 2835 et
505 2792 622 2856 per
651 2769 752 2835 bis
784 2791 900 2834 sex
929 2792 1181 2835 menses
1212 2769 1542 2837 societatis
1573 2770 1795 2859 philol.
1826 2770 2167 2838 Ribbeeki.
2255 2770 2849 2837 Exercitationibus

401 2872 747 2940 seminarii
793 2870 1213 2961 paedagogiei
1276 2873 1447 2961 quod
1506 2872 1876 2941 moderatur
1918 2874 2187 2941 Riehter
2248 2875 2510 2941 interfui
2564 2900 2683 2963 per
2735 2895 2851 2942 sex

400 3000 678 3045 menses.
723 3016 805 3027 --·

583 3082 918 3169 Magistris
951 3083 1113 3147 meis
1153 3105 1300 3147 eum
1332 3083 1631 3148 omnibus
1678 3092 1813 3149 tum
1860 3084 1925 3149 in
1969 3084 2193 3171 primis
2224 3083 2453 3171 Lipsio
2485 3084 2849 3150 Ribbeckio

403 3186 902 3253 Waohsmuthio
947 3210 1202 3275 semper
1247 3185 1501 3253 habebo
1546 3187 1817 3273 gratiam
1866 3211 2059 3275 quam
2102 3188 2462 3254 maximam.
