3200 5150
1218 375 1721 450 —35-

245 582 816 677 existimavisse3
872 582 1394 679 Theophemum
1447 581 1747 656 libenter
1800 583 2206 656 obsecutum
2262 605 2415 656 esse
2467 583 2687 658 actori

245 703 528 798 petenti,
595 709 676 776 ut
726 703 895 796 dies,
959 726 1094 799 quo
1163 703 1393 777 multa
1455 708 1644 776 esset
1710 703 2065 797 solvenda,
2130 703 2550 798 differretur,
2612 726 2687 777 eo

246 823 561 917 eonsiliO,
624 829 706 896 ut
779 829 972 896 actor
1037 822 1222 896 diem
1289 823 1692 921 neglegeret
1756 829 1825 896 et
1888 823 2041 919 ipse
2104 847 2321 920 quam
2372 824 2689 920 plurima

246 950 526 1040 caperet
577 944 918 1040 pignora3
986 966 1070 1016 ac
1125 942 1442 1017 celeriter
1495 966 1659 1016 eum
1712 943 2163 1038 concessisse,
2214 967 2301 1016 ne
2353 943 2688 1018 insidiari

246 1065 623 1157 videretur,
689 1087 851 1136 cum
903 1069 1202 1161 putaret,
1252 1062 1451 1136 nullo
1507 1063 1650 1138 alio
1700 1064 1899 1137 modo
1951 1064 2315 1162 Euergum
2366 1070 2435 1137 et
2479 1064 2683 1138 Mne-

245 1185 566 1258 sibulum
631 1184 756 1257 lite
819 1187 1473 1285 ψευὸομαρτυριῶν
1541 1183 1834 1256 liberari
1899 1207 2104 1280 posse
2170 1208 2386 1280 quam
2452 1209 2547 1279 e0,
2606 1192 2687 1259 ut

243 1312 313 1377 ct
368 1311 672 1378 actorem
725 1305 908 1377 diem
962 1304 1443 1402 neglegentem
1499 1304 2039 1400 deprehenderet
2096 1311 2163 1378 et
2215 1305 2514 1402 pignora
2567 1329 2683 1380 ea-

243 1430 453 1520 peret.
558 1426 788 1520 Atque
841 1429 990 1498 tam
1043 1424 1168 1498 diu
1217 1422 1739 1519 Theophemum
1790 1425 2336 1522 exspectavisse,
2391 1449 2549 1499 cum
2608 1425 2687 1498 in

243 1545 486 1619 animo
541 1545 847 1639 haberet,
909 1544 1034 1618 ubi
1103 1550 1297 1617 actor
1369 1542 1576 1618 illam
1630 1544 1828 1618 litem
1880 1544 2321 1640 intendisset,
2386 1546 2686 1643 pignora

240 1689 511 1761 capere.
587 1717 592 1722 -
639 1667 804 1761 Ipse
877 1688 1041 1738 cum
1105 1663 1663 1768 Theophemum,
1734 1671 1816 1738 ut
1886 1665 2263 1763 pecuniam
2331 1665 2686 1762 reciperet,

239 1786 334 1860 ad
402 1785 821 1881 trapezitam
894 1807 968 1858 se
1034 1783 1235 1879 sequi
1301 1783 1667 1877 iussisset,
1738 1808 1883 1858 non
1947 1786 2232 1860 venisse
2299 1809 2493 1882 eum,
2565 1786 2684 1859 sed

235 1906 544 2004 pignora
611 1905 898 1978 interim
965 1904 1253 2000 cepisse.
1357 1903 1635 1979 Verum
1711 1929 1786 1978 se
1838 1906 2064 1979 dicere
2116 1905 2279 1979 inde
2330 1930 2687 2002 apparere,

237 2025 425 2122 quod
491 2025 909 2122 pignoribus
978 2024 1208 2120 capt-is
1271 2030 1544 2121 postero
1606 2026 1717 2098 die
1767 2025 2254 2123 Theophemus
2306 2026 2683 2122 pecuniam

235 2145 579 2242 receperit
629 2169 758 2219 nec
809 2152 1040 2218 tamen
1100 2146 1402 2243 pignora
1453 2146 1829 2220 reddiderit
1858 2144 1923 2240 ¹).
2027 2147 2404 2243 Propterea
2455 2145 2683 2244 igitur

237 2289 529 2342 servam
593 2290 735 2339 non
803 2264 1184 2363 protulisse
1234 2266 1775 2362 Theophemum,
1846 2269 2025 2364 quod
2084 2290 2227 2341 non
2282 2267 2684 2364 ignorasset

235 2388 565 2462 futurum
603 2411 758 2460 esse
794 2391 894 2480 ut,
945 2386 1009 2460 si
1059 2385 1266 2459 illam
1318 2387 1748 2481 protulisset,
1800 2388 2353 2482 convinceretur,
2406 2388 2471 2462 si
2523 2411 2683 2481 non,

236 2515 324 2583 ut
373 2509 498 2584 lite
549 2511 1204 2610 ψευδομαρτυριῶν
1251 2507 1366 2580 illi
1416 2507 1944 2583 damnarentur.

447 2647 548 2720 Ut
607 2646 834 2744 igitur
905 2651 1050 2719 tota
1118 2646 1564 2720 enarratione
1634 2642 1888 2741 elucet,
1956 2652 2150 2720 actor
2222 2652 2519 2720 conatur
2585 2670 2681 2741 eo,

230 2768 416 2865 quod
462 2767 914 2859 demonstrat,
964 2790 1180 2861 quam
1236 2767 1677 2863 impudenter
1730 2766 2127 2843 adversarii
2183 2790 2257 2839 se
2308 2767 2680 2864 gesserint,

229 2888 594 2961 iudicibus
669 2887 1090 2984 persuadere
1171 2886 1334 2960 illos
1399 2911 1552 2960 non·
1610 2912 1765 2961 esse
1836 2888 2098 2961 veritos
2172 2887 2442 2961 falsum
2512 2888 2678 2963 dare

231 3007 738 3083 testimonium.
871 3006 1246 3081 Praeterea
1329 3008 1778 3081 adversarios
1861 3009 1941 3081 in
2023 3006 2262 3081 animo
2336 3008 2676 3082 habuisse

232 3136 543 3204 actorem
579 3150 822 3226 cogere
856 3127 1097 3201 de-lite
1139 3131 1790 3229 ψευδομαρτυριῶν
1835 3129 2186 3203 desistere.
2292 3128 2435 3201 Cur
2488 3129 2677 3201 enim

231 3256 515 3347 praeter
560 3248 1084 3345 Theophemum
1151 3254 1219 3321 et
1267 3247 1595 3345 Euergus
1652 3254 1719 3322 et
1765 3248 2221 3324 Mnesibulus
2284 3248 2364 3321 in
2417 3249 2676 3324 actoris

233 3371 442 3445 aedes
496 3368 900 3443 invaserint
951 3374 1017 3441 et
1068 3368 1370 3466 pignora
1421 3369 1785 3465 ceperint?

445 3488 972 3564 Concedendum
1040 3494 1149 3561 est
1200 3488 1504 3563 Uhlium
1573 3490 1663 3565 ad
1728 3513 1939 3564 suam
1992 3488 2415 3564 sententiam
2467 3488 2677 3563 facile

235 3611 524 3709 perduci
587 3609 921 3707 potuisse,
986 3614 1067 3681 ut
1118 3615 1364 3683 nostra
1416 3611 1729 3684 oratione
1782 3611 1998 3684 etiam
2049 3632 2347 3684 causam
2400 3616 2678 3700 αἰκείας

233 3733 360 3829 agi
423 3736 721 3828 putaret,
786 3730 1118 3825 primum,
1183 3752 1344 3802 cum
1396 3731 1713 3807 narratio
1767 3730 1987 3805 nimis
2050 3730 2269 3828 longa
2322 3730 2437 3824 sit,
2501 3736 2677 3825 tum,

413 3950 452 4018 ¹)
487 3949 658 4025 Quod
679 3949 992 4009 Darestius
1016 3949 1160 4011 dicit
1186 3950 1279 4016 (cf.
1303 3950 1342 4009 l.
1365 3951 1404 4009 l.
1429 3955 1548 4010 not.
1573 3951 1645 4010 28
1665 3949 1741 4011 ad
1765 3953 1907 4010 orat.
1932 3950 2242 4017 nostram):
2279 3949 2676 4023 ,Theopheme

233 4036 573 4109 lii-&tendait
619 4052 758 4095 sans
814 4034 992 4095 doute
1036 4054 1154 4107 que
1201 4036 1260 4095 la
1305 4036 1465 4097 (lette
1511 4036 1658 4096 etait
1703 4035 1956 4097 doublee
2002 4053 2110 4106 par
2156 4036 2215 4096 le
2260 4036 2393 4096 seul
2437 4037 2546 4097 fait
2592 4037 2675 4097 du

231 4122 435 4183 retard
477 4121 722 4193 apporto
767 4139 845 4179 au
888 4126 1224 4191 payement.
1268 4122 1415 4182 c’est
1459 4122 1751 4193 pourquoi
1782 4121 1830 4180 il
1860 4120 2114 4182 retenait
2148 4121 2238 4181 les
2272 4139 2451 4192 gages
2485 4122 2674 4183 saisis.

231 4210 324 4269 Le
372 4207 753 4267 doublement
797 4206 872 4266 cle
919 4207 980 4265 la
1011 4206 1173 4267 dette
1209 4208 1262 4267 si
1295 4208 1574 4278 frequent
1608 4226 1685 4267 au
1718 4207 1878 4267 droit
1909 4206 2138 4267 romain
2170 4206 2373 4267 c’etait
2407 4207 2482 4268 de
2511 4208 2675 4280 regle

232 4312 313 4354 en
357 4292 512 4352 droit
553 4289 814 4363 attique‘,
860 4310 930 4352 ea
973 4296 1136 4353 recte
1185 4312 1251 4355 se
1291 4292 1510 4353 habere
1552 4293 1911 4365 negaverim,
1958 4311 2099 4354 cum
2141 4297 2344 4355 nostra
2380 4311 2561 4355 causa
2595 4293 2675 4355 sit

231 4395 416 4439 causa
447 4378 679 4449 privata
712 4397 782 4437 ac
816 4395 938 4437 non
972 4378 1225 4449 publica,
1263 4379 1336 4439 cf.
1371 4378 1573 4438 Meier.
1610 4384 1671 4438 et
1694 4379 1960 4440 Schoem.
1997 4378 2109 4440 litt.
2146 4380 2267 4439 Att.
2302 4378 2381 4449 ΙΙ,
2416 4396 2546 4450 pag.
2569 4380 2670 4441 961

231 4470 297 4527 et
330 4463 405 4524 K.
439 4463 529 4524 Fr.
566 4463 800 4525 Herm:
837 4462 1061 4534 antiqu.
1096 4482 1286 4535 graec.
1321 4464 1353 4525 Ι
1389 4466 1481 4536 (6),
1515 4466 1551 4525 2
1583 4482 1714 4536 pag.
1748 4466 1867 4525 587.
