3200 5150
1217 406 1725 478 ...27-

243 636 411 685 cum
462 612 714 685 nutrix
769 612 1050 684 domum
1103 611 1181 682 in
1249 633 1481 683 meam
1550 611 1867 703 redisset,
1932 633 2168 683 meum
2235 597 2383 684 fuit*
2426 633 2700 705 curare,

243 757 338 804 ne
390 733 642 806 nutrix
708 732 945 828 magis
999 737 1410 803 versaretur
1457 714 1536 802 in
1589 731 1902 804 miseriis
1956 754 2172 825 quam
2224 730 2695 827 paedagoguS‚

243 853 397 946 vel,
473 859 554 926 ut
607 833 866 926 nostra
934 851 1240 925 dicimus
1321 851 1615 946 lingua:
1708 851 1844 944 ,ich
1914 850 2145 923 durfte
2215 851 2370 923 eine
2438 851 2700 922 Anime

245 971 739 1069 ehensowenig
789 971 868 1043 in
919 969 1061 1044 Not
1112 971 1356 1044 lassen
1411 970 1523 1043 als
1577 969 1785 1042 einen
1836 968 2337 1068 Paedagogenl·
2362 957 2487 1022 ¹——
2653 1058 2661 1066 ἱ

454 1091 855 1165 Redeamus
919 1114 995 1164 eo
1047 1091 1232 1164 unde
1283 1089 1590 1187 digressi
1648 1095 1917 1162 sumus.
1967 1073 1975 1078 ’
2021 1089 2448 1163 Vicinorum
2502 1073 2701 1163 servi

246 1233 412 1284 cum
475 1212 854 1284 clamorem
923 1210 1252 1284 audirent
1315 1210 1736 1304 domumque
1804 1209 2065 1282 actoris
2128 1209 2519 1304 expilatam
2581 1211 2697 1283 vi-

244 1332 492 1404 derent
564 1354 712 1424 e08‚
783 1331 908 1428 qui
977 1330 1487 1426 praeteribant,
1556 1313 2099 1402 advocaverunt.
2206 1328 2341 1417 Qui
2411 1336 2481 1402 et
2548 1329 2695 1426 ipsi

239 1474 430 1546 quae
465 1451 579 1523 illi
619 1474 859 1524 secum
902 1455 1350 1545 asportarent
1397 1450 1746 1522 viderunt.
1849 1447 2091 1522 Etiam
2142 1433 2381 1521 filium
2434 1449 2698 1522 actoris

241 1593 492 1665 secum
565 1571 950 1663 duxerunt,
1029 1593 1238 1666 quem
1309 1576 1550 1643 tamen
1618 1569 1887 1662 filium,
1965 1591 2107 1641 non
2178 1548 2467 1642 servum
2538 1593 2701 1642 esse

235 1690 476 1763 vicini
511 1690 665 1764 illis
701 1690 1053 1764 dixerunt.
1158 1692 1392 1782 Actor,
1443 1689 1566 1784 qui
1603 1696 1758 1761 tum
1808 1689 1887 1761 in
1940 1687 2231 1762 Piraeeo
2282 1697 2454 1782 erat,
2503 1673 2693 1786 post·
2734 1680 2747 1758 Ϊ

237 1833 464 1905 quam
532 1811 614 1884 de
673 1812 884 1884 rebus
955 1835 1001 1883 a
1049 1809 1488 1904 Theophemo
1556 1808 1906 1904 sociisque
1956 1809 2112 1880 eius
2166 1809 2389 1905 gestis
2444 1811 2703 1884 certior

235 1931 485 2002 factus
523 1937 648 2022 est,
699 1937 972 2026 postero
1009 1929 1118 2002 die
1155 1928 1679 2024 Theophemum
1716 1928 1974 2021 omnia,
2026 1952 2206 2023 quae
2250 1912 2699 2026 arripuisset,

236 2049 569 2122 redderre
636 2057 704 2122 et
767 2049 1120 2122 nutricem
1174 2068 1424 2122 curare
1489 2047 1726 2120 iussit.
1828 2045 1921 2121 Et
1974 2071 2137 2121 cum
2205 2055 2373 2120 tum·
2412 2049 2695 2123 demum

236 2169 737 2265 Theophemus
807 2170 895 2242 ad
973 2169 1396 2264 trapezitam
1464 2175 1653 2240 esset
1736 2175 2050 2261 secutuS‚
2132 2176 2325 2242 actor
2389 2169 2699 2242 multam

244 2289 504 2362 solvit:
579 2288 778 2362 mille
846 2295 1198 2361 trecentas
1259 2287 1589 2361 tredecim
1652 2287 2034 2360 drachmas
2100 2295 2168 2361 et
2217 2288 2391 2362 duos
2446 2289 2701 2363 obolos,

458 2409 651 2498 Quod
714 2407 1018 2504 pertinet
1083 2409 1172 2481 ad
1239 2407 1831 2504 computationem
1897 2407 2185 2501 multae,
2254 2431 2471 2504 quam
2536 2421 2695 2483 ora*

239 2537 471 2603 torem
537 2527 974 2625 Theophemo
1049 2527 1322 2602 solvere
1388 2527 1720 2625 oportuit,
1795 2526 1991 2601 haud
2062 2527 2269 2602 dubie
2336 2526 2698 2621 Boeckh1)

240 2673 502 2721 verum
571 2650 934 2746 cognovit3
1005 2649 1363 2745 reliquum
1425 2648 1653 2745 igitur
1709 2654 1837 2741 est,
1903 2654 1985 2720 ut
2036 2650 2444 2721 accuratius
2498 2672 2699 2745 spec-

241 2776 503 2861 temus,
554 2793 734 2864 quae
784 2770 1060 2843 Heffter
1078 2764 1134 2861 2)
1187 2769 1275 2842 ad
1327 2770 1546 2842 verba
1598 2791 1843 2865 parag.
1882 2768 1982 2841 64
2039 2770 2181 2865 (pg.
2223 2769 2441 2863 1158,
2490 2794 2557 2843 v,
2596 2771 2701 2843 20

251 2890 466 2983 seqq.)
541 2890 950 2984 exponenda
1039 2888 1426 2985 protulerit.
1568 2886 1815 2961 Verba
1894 2895 2066 2961 sunt
2142 2887 2358 2961 haec:
2448 2888 2696 2990 ἐπειδὴ

245 3011 612 3095 ἐξέτινον.
649 3067 715 3082 ..
751 3068 765 3081 .
829 3013 1068 3102 χιλίας
1135 3014 1270 3103 μὲν
1338 3010 1460 3081 καὶ
1525 3005 1787 3081 ἑκατὸν
1850 3005 2182 3109 δραχμὰς
2248 3006 2413 3109 [τὴν
2477 3014 2700 3082 κάτα·

251 3129 488 3227 δίκην,
558 3113 1004 3229 ὀγδοήκοντά
1055 3131 1131 3202 δὲ
1200 3131 1320 3201 καὶ
1384 3124 1645 3201 ἑκατὸν
1710 3124 2067 3227 δραχμὰς]
2131 3132 2253 3202 καὶ
2321 3143 2509 3228 τρεῖς
2574 3133 2697 3202 καὶ

249 3244 364 3319 δύ’
401 3246 632 3340 ὀβολώ
685 3246 818 3349 τὴν
870 3251 1284 3341 ἐπωβελίαν.
1387 3245 1785 3319 Heffterum
1823 3247 2137 3320 maxime
2173 3246 2478 3341 offendit,
2515 3232 2698 3343 quod

249 3368 580 3441 omnibus
645 3368 724 3440 in
793 3366 1249 3465 antigraphis
1320 3374 1592 3462 partem
1660 3366 1964 3460 victam,
2026 3367 2179 3439 sive
2251 3374 2440 3441 esset
2502 3375 2703 3441 actor

249 3487 644 3581 primarius
730 3488 884 3560 sive
965 3495 1379 3579 accusatuS,
1465 3486 1737 3559 solvere
1826 3488 2217 3582 oportuisse
2301 3493 2695 3581 ἐπωβελίαν

257 3607 733 3699 contenditur3
810 3614 1055 3707 contra
1125 3606 1297 3679 dicit
1367 3614 1615 3679 nostra
1682 3606 1761 3679 in
1830 3630 2052 3680 causa
2123 3630 2269 3679 rem
2342 3608 2553 3680 aliter
2621 3630 2702 3680 se

251 3725 528 3799 habere.
637 3726 1012 3821 Computat
1063 3726 1290 3822 igitur
1341 3725 1536 3797 hunc
1587 3706 1688 3797 in·
1720 3727 2037 3800 modum:

567 3847 628 3919 1.
681 3846 1167 3941 Theophemus
1221 3846 1568 3940 petiverat
1619 3845 1813 3920 MCC
1866 3847 2268 3939 drachmae,

563 3966 626 4037 2.
681 3964 1142 4038 adversarius
1219 3966 1300 4036 in
1367 3965 1492 4037 lite
1557 3966 1761 4061 prius
1826 3966 2101 4039 intenta
2164 3966 2225 4038 D
2296 3966 2704 4060 drachmas}

683 4108 988 4181 quarum
1063 4088 1456 4179 ἐπωβελίαν
1532 4086 1598 4157 ei
1660 4092 1815 4159 erat
1881 4086 2219 4182 solvenda
2284 4080 2700 4159 LXXXIII

683 4206 782 4279 dr.
833 4205 910 4277 11
965 4203 1134 4277 obol.

431 4390 464 4454 ¹)
503 4389 574 4447 cf.
613 4388 990 4449 Staatshshlt.
1025 4390 1081 4448 d.
1118 4390 1383 4449 Athener
1419 4388 1447 4449 1
1484 4392 1556 4457 (2)
1593 4392 1696 4450 463
1730 4408 1779 4461 c,
1813 4392 1934 4450 464.

425 4474 466 4541 ²)
504 4474 578 4532 cf.
614 4474 652 4532 1.
688 4474 727 4533 1.
763 4492 892 4545 pag.
929 4476 1183 4534 433-35.
