3200 5150
1537 397 2054 468 —13-

575 601 750 676 ferri
802 601 1122 697 potuerit,
1187 600 1439 696 cuique
1498 607 1771 696 partem
1825 601 1903 673 in
1956 599 2217 674 iudicio
2268 623 2409 672 non
2464 599 3017 694 acquiescentem

577 720 651 794 id
719 721 1052 793 nuntiare
1120 743 1296 816 opus
1361 720 1592 793 fuerit.
1728 719 2175 816 Quamquam
2244 719 2473 793 multa
2537 720 2687 792 iam
2758 719 2841 792 de
2900 719 3014 791 his

577 839 1112 936 quaestionibus
1164 839 1528 936 disputata
1574 847 1765 932 sunt,
1810 846 2071 932 tamen,
2119 863 2298 913 num
2350 837 2589 912 omnia
2640 846 2825 912 recte
2874 839 3017 912 sint

575 960 921 1056 expedita,
969 959 1226 1033 dubito

783 1081 892 1152 Ac
927 1079 1239 1175 primum
1283 1079 1564 1174 quidem
1616 1078 1895 1152 Hubert
1946 1081 2133 1176 (pag.
2184 1080 2311 1170 44)
2364 1079 2737 1172 contendit,
2786 1078 2853 1150 si
2904 1102 3014 1151 res

586 1197 773 1296 apud
811 1197 1114 1272 arbitros
1151 1198 1331 1272 satis
1369 1198 1655 1295 cognita
1688 1199 1854 1272 visa
1889 1199 2004 1291 sit,
2055 1200 2295 1273 omnia
2334 1198 2489 1272 litis
2541 1197 3017 1272 instrumenta

579 1319 861 1392 duabus
895 1319 974 1390 in
1012 1317 1238 1410 urniS,
1288 1341 1594 1412 quarum
1633 1317 1931 1392 alteram
1987 1318 2404 1411 accusatori,
2456 1318 2757 1392 alteram
2810 1341 3014 1391 accu-

580 1444 736 1512 sato
801 1438 1230 1512 destinatam
1282 1437 1509 1512 fuisse
1561 1437 1660 1510 sit
1709 1438 2125 1534 putandum,
2192 1439 2473 1512 condita
2524 1444 2593 1511 et
2644 1437 3018 1534 obsignata

579 1563 650 1630 et
716 1564 866 1630 tum
939 1556 1316 1631 arbitrium
1383 1557 1632 1631 datum
1700 1581 1883 1650 esse,
1953 1558 2134 1652 quod
2204 1558 2465 1632 litteris
2538 1558 3018 1654 conscriptum

561 1677 1043 1774 'magistratui
1094 1676 1514 1750 mandatum
1569 1677 1685 1770 sit,
1737 1701 1781 1750 a
1834 1700 1969 1773 quo
2022 1678 2601 1772 subscriberetur,
2650 1685 2730 1750 ut
2780 1685 3017 1751 ratum

556 1796 792 1870 'fieret
897 1797 1173 1871 Causas
1205 1797 1506 1891 requirO,
1553 1795 1815 1891 quibus
1868 1805 2254 1872 commotus
2290 1797 2567 1872 Hubert
2617 1797 2800 1871 illud
2854 1821 3017 1871 con-

578 1916 857 1989 tendere
921 1916 1164 2012 possit.
1283 1915 1434 2012 Ego
1496 1915 1748 1988 Meieri
1816 1918 2241 1991 sententiam
2314 1940 2596 2013 sequor,
2663 1917 2787 2012 qui
2864 1925 3020 1990 tum

551 2042 861 2109 ·tantum
911 2037 1066 2110 litis
1119 2035 1598 2110 instrumenta
1650 2036 2027 2133 obsignata
2080 2061 2235 2112 esse
2285 2045 2509 2135 putat,
2575 2060 2738 2111 cum
2792 2038 3021 2111 altera

555 2155 1023 2252 litigantium
1058 2179 1230 2252 pars
1275 2163 1704 2251 provocaret.
1807 2155 1964 2245 Qua
2013 2157 2089 2230 in
2144 2181 2221 2231 re
2271 2157 2723 2232 consentiunt
2756 2156 3023 2231 Pollux

579 2274 819 2368 (VIII,
870 2276 1045 2360 127)
1113 2284 1182 2348 et
1233 2275 1701 2370 Harpocratio
1765 2275 1850 2370 (s,
1902 2300 1969 2348 V.
2030 2279 2463 2376 ὸ“ιαιτηται’);
2534 2277 3022 2372 quaestionem

559 2401 822 2470 autem
876 2395 1184 2468 solutam
1235 2416 1391 2468 esse
1443 2395 1775 2469 existimo
1827 2396 2235 2470 Aristotelis
2288 2397 2458 2470 libri
2510 2395 2781 2496 ,Ἀθηκ
2832 2403 3023 2472 nol-f

579 2515 810 2612 capite
872 2514 1082 2608 LIII,
1150 2514 1232 2589 in
1295 2536 1430 2611 quo
1498 2538 1564 2588 v.
1633 2516 1682 2589 8
1732 2534 1977 2611 proxx.
2042 2523 2330 2591 exstant
2394 2517 2597 2591 haec:
2678 2515 2814 2591 κᾶν
2882 2525 3021 2613 μὲν

554 2633 1030 2737 ,ἀμφοτέροις
1063 2631 1336 2735 ἀρέσκῃ
1373 2632 1462 2708 τὰ
1496 2642 1925 2727 γνωσθέντα
1965 2642 2089 2710 καὶ
2141 2644 2574 2732 ἐμμένωσιν,
2627 2645 2766 2731 ἔχει
2818 2643 3024 2729 τέλος

557 2755 625 2855 ἡ
664 2757 845 2854 δίκη.
905 2752 998 2827 ἂν
1036 2753 1102 2827 δ’
1132 2753 1169 2827 ὁ
1207 2758 1447 2853 ἕτερος
1486 2760 1626 2860 ἐφῇ
1664 2761 1808 2828 τῶν
1842 2755 2228 2845 ἀντιδίκων
2262 2764 2368 2847 εἰς
2402 2755 2483 2831 τὸ
2520 2755 3022 2858 δικαστήριον,

561 2870 1015 2967 ἐμβαλόντες
1089 2870 1222 2965 τὰς
1286 2879 1697 2974 μαρτυριάς
1769 2880 1889 2949 καὶ
1965 2872 2096 2966 τὰς
2162 2874 2595 2977 προκλήσεις
2661 2882 2782 2951 καὶ
2848 2876 3024 2968 τοὺς

578 2991 854 3089 νόμους
915 3000 1022 3084 εἰς
1095 2998 1412 3087 ἐχίνους,
1477 2998 1702 3093 χωρὶς
1756 3001 1891 3088 μὲν
1954 2992 2087 3086 τὰς
2150 3003 2279 3071 τοῦ
2350 2993 2740 3087 διώκοντος
2794 3004 3023 3096 χωρὶς

551 3118 658 3200 ,δὲ
727 3110 860 3203 τὰς
919 3119 1050 3187 τοῦ
1112 3110 1518 3214 φεύγοντος,
1588 3119 1713 3187 καὶ
1776 3111 2078 3206 τούτους
2140 3113 2832 3216 κατασημηνάμενοι
2896 3122 3023 3191 καὶ

581 3228 714 3334 τὴν
749 3232 1040 3337 κ[ρι’σι]ν
1083 3228 1216 3333 τὴν
1261 3239 1391 3307 τοῦ
1445 3236 1824 3332 διαιτητοῦ
1876 3242 2373 3335 ᾳέγραμμένην
2427 3242 2502 3309 ἐν
2555 3243 3019 3335 γραιψατειό»

579 3348 1224 3451 προσαρτήσαντες
1289 3350 1791 3451 παραδιδόασι
1856 3351 2130 3447 [πάλιν]
2188 3368 2338 3444 τοῖς
2404 3352 2536 3455 τὴν
2598 3352 2835 3455 φυλὴν
2892 3363 3020 3430 τοῦ

551 3467 976 3573 ἑφεύγοντος
1039 3468 1472 3559 δικάζουσιν.
1577 3477 1651 3546 οἳ
1712 3476 1787 3547 δὲ
1848 3471 2396 3573 παραλαβόντες
2448 3472 2865 3565 εἰσάγουσιν
2918 3485 3021 3566 εἰς

559 3587 663 3679 ,τὸ
703 3587 1198 3691 δικαστήριον,
1253 3587 1342 3663 τὰ
1377 3598 1513 3686 μὲν
1539 3589 1749 3695 ’ἐντὸς
1778 3596 2028 3686 χιλίων
2062 3599 2165 3683 εἰς
2214 3598 2343 3666 ἕνα
2398 3598 2520 3668 καὶ
2571 3596 3016 3685 διακοσίους,

581 3705 673 3782 τὰ
727 3708 979 3818 δ’ὑπέρ
1028 3714 1269 3802 χιλίας
1313 3716 1420 3799 εἰς
1469 3716 1598 3785 ἕνα
1654 3717 1775 3787 καὶ
1829 3718 2353 3809 τετρακοσίους.

671 3870 678 3876 ·
786 3845 1061 3937 Quibus
1127 3868 1164 3919 e
1214 3846 1468 3921 verbis
1535 3848 1729 3921 haud
1800 3849 2005 3924 dubie
2072 3858 2363 3946 apparet
2390 3848 2440 3948 ¹)
2509 3858 2663 3927 tum
2731 3858 3017 3926 tantum

579 3965 732 4037 litis
800 3965 1280 4041 instrumenta
1345 3988 1498 4038 esse
1551 3968 1946 4065 obsignata,
2012 3993 2174 4042 cum
2228 3970 2453 4043 altera
2506 3994 2675 4066 pars
2732 3996 2807 4044 se
2860 3997 3017 4047 esse

543 4090 1116 4181 ‚provocaturam
1169 4086 1672 4160 nuntiavisset.

757 4286 793 4351 ¹)
830 4303 966 4343 cum
992 4284 1068 4355 id,
1093 4286 1291 4356 quod
1274 4306 1376 4345 mx
1379 4288 1490 4357 eni,
1515 4288 1633 4347 iam
1657 4289 2134 4361 perscripsissem
2158 4310 2385 4362 cognm
2387 4294 2407 4351 i
2430 4293 2589 4352 idem
2608 4294 3017 4355 enucleavisse

579 4370 664 4429 P
645 4389 666 4428 1
681 4388 710 4429 s
725 4370 846 4429 chi
861 4387 1002 4441 nge
1017 4390 1048 4428 r
1112 4372 1185 4431 cf.
1223 4369 1345 4431 de
1379 4374 1618 4433 arbitris
1669 4376 2128 4489 Atheniensium
2188 4374 2472 4467 1iublici8‚
2537 4374 2807 4439 Monac-h.
2864 4384 3015 4451 1893,

576 4472 708 4526 pag.
742 4457 808 4513 41
846 4472 974 4526 sqq.

3156 4482 3159 4648 Ι

3154 4820 3157 4999 1
