3200 5150
1199 398 1705 470 -11-

227 597 368 686 Qui
438 607 741 672 actorem
810 599 1182 674 iusserunt
1232 601 1655 698 Theophemi
1722 625 1974 676 nomen
2029 603 2312 697 deferre,
2376 611 2458 677 ut
2506 627 2681 677 reus

225 718 446 792 fieret.
554 717 687 794 Sed
750 741 913 792 cum
980 721 1060 792 in
1128 743 1204 794 eo
1273 729 1476 815 esset,
1546 727 1626 795 ut
1696 722 2053 820 suffragia
2116 747 2161 796 a
2214 724 2679 797 senatoribus-

227 837 626 938 ferrentur‚
654 861 817 912 cum
886 863 1127 913 omnes
1197 849 1477 915 orarent
1539 850 1608 915 et
1658 843 2104 916 obsecrarent
2154 849 2221 915 et
2273 863 2676 918 armamen-

227 964 464 1031 torum
525 958 835 1032 indicem
897 960 1255 1032 traderent
1315 968 1383 1033 et
1433 985 1582 1034 rem
1638 963 1863 1034 abitro
1916 963 2195 1058 privato
2250 985 2323 1034 se
2377 964 2681 1036 manda-

223 1085 428 1150 turos
495 1101 651 1152 esse
719 1078 1048 1173 dicerent,
1116 1087 1312 1154 actor
1373 1083 1721 1155 concessit
1770 1089 1853 1154 ut
1903 1082 2391 1178 Theophemus
2443 1081 2676 1153 XXV

227 1197 596 1272 drachmis
650 1200 1076 1273 multaretur
1099 1197 1163 1292 ¹).

438 1335 712 1424 Quibus
779 1336 993 1409 factis
1065 1343 1257 1409 actor
1328 1337 1791 1409 trierarchiae
1858 1359 2149 1409 munere
2201 1337 2494 1409 functus
2550 1344 2683 1431 est,

229 1455 350 1527 sed
387 1463 765 1551 postquam
818 1455 1100 1529 domum
1154 1457 1466 1549 revertit,
1499 1455 1937 1551 Theophemo
1988 1455 2187 1548 litem
2238 1457 2677 1530 iniuriarum

227 1575 568 1669 (αἰκείας)
602 1576 926 1668 intendit,
978 1599 1140 1649 eum
1193 1577 1450 1650 diceret
1505 1599 1580 1650 se
1635 1577 1725 1649 ab
1776 1599 1851 1648 eo
1904 1575 2207 1671 priorem
2261 1577 2679 1650 verberibus

228 1693 568 1768 affectum
605 1718 798 1788 esse3
854 1696 950 1767 lis
995 1703 1076 1767 ut
1130 1697 1393 1769 arbitro
1446 1695 1727 1792 publico
1775 1695 2231 1769 diiudicanda
2282 1696 2683 1769 traderetur

225 1813 480 1907 effecit,
531 1837 695 1887 cum
732 1815 857 1887 illo
893 1822 1198 1911 tempore
1235 1839 1475 1889 omnes
1516 1815 1661 1887 fere
1714 1815 1879 1888 lites
1933 1815 2258 1911 privatas
2274 1812 2329 1909 2)
2384 1816 2682 1890 arbitris

223 1934 540 2030 publicis
593 1934 850 2007 deferri
901 1958 1186 2009 necesse
1237 1935 1472 2028 fuerit,
1531 1935 1955 2031 priusquam
2006 1935 2679 2010 iudices-iudicium

223 2053 308 2127 de
365 2055 469 2126 eis
521 2053 803 2126 ferrent.
907 2054 1099 2143 Quod
1150 2056 1431 2153 legibus
1481 2055 1712 2128 fuisse
1766 2055 2229 2129 constitutum
2267 2055 2332 2128 J.
2373 2057 2463 2129 H.
2505 2056 2679 2153 Lip-

226 2175 387 2246 sius
410 2169 470 2266 3)
533 2174 921 2246 multorum
973 2175 1294 2248 virorum
1347 2176 1705 2248 doctorum
1762 2175 2184 2249 sententiam
2233 2175 2681 2273 impugnans

223 2294 554 2378 defendit.
657 2293 888 2382 Quam
936 2294 1170 2391 Lipsii
1241 2295 1668 2368 sententiam
1720 2301 1903 2367 recte
1956 2318 2030 2368 se
2083 2295 2341 2369 habere
2392 2297 2679 2370 Aristo-

222 2414 394 2487 telis
430 2413 618 2506 libri,
654 2414 777 2509 qui
813 2422 956 2488 est:
1014 2413 1450 2514 ,Ἀθηναίων
1486 2419 1833 2488 πολιτειά6
1874 2415 2101 2510 capite
2135 2415 2313 2488 LIII
2367 2423 2684 2512 apparet,

223 2536 308 2608 in
377 2555 516 2631 quo
583 2535 665 2608 de
731 2535 1212 2631 quadraginta
1279 2535 1464 2609 viris
1532 2535 1795 2609 dicitur
1864 2535 2029 2609 hoc:
2102 2533 2191 2611 τὰ
2259 2542 2393 2633 μὲν
2465 2545 2679 2637 μέχρι

228 2660 403 2730 δέκα
443 2658 787 2752 δραχμῶν
830 2651 1238 2746 αὐτοτελεῖς
1289 2664 1432 2728 εἰσι
1471 2650 1817 2755 [κρίνει]ν,
1874 2654 1963 2730 τὰ
2018 2656 2269 2759 δ’ὑπέρ
2325 2663 2537 2732 τοῦτο
2593 2653 2680 2730 τὸ

227 2781 516 2875 τίμημα
570 2788 722 2865 τοῖς
773 2777 1182 2874 διαιτηταῖς
1233 2772 1865 2875 παραδιδόασιν.4)

361 2938 366 2942 ’
435 2930 764 3001 Actorem
797 2929 1224 3024 priusquam
1261 2928 1524 3001 arbitro
1561 2929 1843 3025 publico
1883 2952 2178 3002 causam
2232 2929 2681 3003 deferendam

230 3048 614 3142 curaverit,
666 3071 822 3121 eam
860 3048 1046 3143 apud
1083 3048 1431 3121 arbitrum
1469 3048 1835 3143 privatum
1874 3049 1992 3144 agi
2040 3048 2355 3122 voluisse
2405 3049 2681 3122 duobus

228 3168 571 3242 orationis
608 3167 784 3241 locis
823 3175 1130 3264 apparet.
1218 3167 1355 3256 Qui
1392 3174 1562 3241 sunt
1595 3192 1840 3265 parag.
1867 3171 1965 3242 45
1998 3169 2187 3266 (pag.
2219 3170 2436 3263 1153,
2462 3193 2527 3242 v,
2560 3168 2672 3263 1):

228 3288 330 3379 ὡς
382 3286 622 3362 οὐδενὶ
673 3286 938 3388 ἤθελεν
992 3295 1397 3388 ἐπιτρέπειν
1451 3288 1490 3361 ὁ
1538 3286 1923 3389 Θεόφημος
1974 3294 2137 3390 περὶ
2189 3295 2333 3363 τῶν
2385 3292 2683 3387 πληγῶν

229 3402 331 3480 ὧν
369 3405 514 3481 τότ’
551 3410 820 3501 ἔλαβον
853 3406 972 3481 ὑπ’
1011 3404 1262 3498 αὐτοῦ,
1299 3414 1367 3481 et
1401 3432 1647 3505 parag.
1675 3409 1773 3482 80
1803 3412 1989 3507 (pag.
2016 3409 2234 3503 1163,
2258 3409 2439 3481 v.27
2468 3409 2677 3505 sqq.):

229 3531 676 3620 εἰσαγγείλας
747 3530 869 3601 καὶ
936 3523 1118 3601 ἑλῶν
1186 3535 1261 3601 ἐν
1331 3535 1419 3632 τῇ
1471 3532 1701 3636 βουλῇ
1757 3526 2090 3629 ἀποχρῆν
2141 3526 2531 3629 ἡγησάμην
2584 3526 2680 3603 τὰ

240 3653 378 3743 μέν
417 3644 634 3746 σκεύη
675 3644 1070 3741 ἀπολαβεῖν
1106 3645 1329 3737 ἁπλᾶ,
1385 3652 1546 3748 περὶ
1589 3652 1666 3722 δέ
1721 3654 1863 3722 τῶν
1916 3654 2208 3748 πληγῶν
2262 3654 2683 3749 ἐπιτρέψαι,

231 3774 332 3864 τῷ
398 3768 476 3840 δέ
552 3763 910 3867 τιμήματι
979 3774 1459 3867 συγχωρῆσαι.
1559 3767 1883 3841 Verbum
1952 3768 2145 3841 enim
2215 3774 2680 3868 ‚ethinetv‘

403 4018 445 4101 '¹)
483 4040 552 4107 ἓξ
588 4044 672 4111 41,
717 4043 800 4113 42,
845 4044 929 4102 43.
1001 4043 1074 4102 cf.
1121 4043 1197 4102 de
1240 4043 1352 4103 hoc
1393 4043 1522 4102 loco
1556 4042 1759 4103 Meier.
1805 4050 1865 4102 et
1900 4042 2167 4104 Schoem.
2212 4042 2325 4102 litt.
2360 4044 2482 4105 Att.
2518 4046 2593 4114 (2)
2628 4046 2683 4117 Ι,

226 4142 358 4197 pag.
393 4127 692 4282 Ξῗορὲἓὲῖε
727 4214 996 4285 exceptis
1031 4214 1103 4273 cf.
1140 4214 1342 4274 Meier.
1381 4220 1442 4274 et
1477 4214 1745 4275 Schoem.
1780 4215 1893 4274 litt.
1929 4215 2049 4274 Att.
2088 4217 2161 4282 (2)
2198 4212 2245 4285 I,
2280 4232 2409 4286 pag
2445 4216 2530 4276 93.

404 4298 447 4358 3)
484 4298 557 4357 cf.
592 4298 797 4359 Meier.
833 4305 895 4359 et
930 4300 1197 4359 Schoem.
1234 4300 1346 4360 litt.
1383 4303 1504 4359 Att.
1543 4302 1621 4368 (2)
1659 4299 1734 4368 ΙΙ,
1769 4317 1899 4371 pag.
1937 4302 2075 4361 1009
2110 4319 2197 4371 sq.

403 4384 448 4449 ⁴)
484 4382 557 4441 cf.
582 4383 860 4445 Berichte
888 4385 943 4443 d.
970 4384 1332 4455 Kg1.8achs.
1361 4384 1757 4445 Gesellschaft
1792 4384 1846 4443 d.
1873 4384 2401 4457 wissenschaften,
2428 4386 2686 4459 Sitzung

226 4484 370 4526 vom
403 4469 489 4527 28.
513 4468 677 4529 Febr.
716 4472 866 4540 1891,
900 4488 1028 4541 pag.
1065 4472 1150 4529 58.
