3200 5150
1147 421 1666 496 -39-

126 653 416 726 τυρας
471 631 616 698 τῶν
669 629 1328 726 ψευδομαρτυριῶν
1382 633 1450 700 et
1503 631 1545 718 ἓ
1607 628 1723 721 75,
1772 650 1933 724 pag.
1979 627 2197 720 1162,
2245 649 2311 699 V.
2366 627 2412 700 3
2450 649 2628 723 sqq:

135 743 596 846 ’ἡγούμενος
630 743 760 820 οὐκ
811 749 996 820 εἶναι
1051 746 1248 846 αὐτῷ
1304 750 1378 820 δί
1423 745 1651 821 ἄλλου
1706 743 1981 848 τρόπου
2039 745 2205 838 τοὺς
2253 745 2634 848 μάρτυρας

136 864 570 967 ἀφεθῆναι
610 871 751 939 τῶν
785 870 1463 968 ψευδομαρτυριῶν,
1499 865 1552 967 ἢ
1589 863 1710 942 διὰ
1749 873 1878 941 τοῦ
1914 925 1927 941 .
1964 925 1979 940 .
2016 925 2031 940 .
2067 865 2631 968 ἐκφορήσασθαι

143 985 268 1075 ὡς
335 992 686 1080 πλεῖστα).
793 987 1026 1081 Atque
1087 994 1391 1060 actorem
1454 987 1694 1084 ipsum
1762 1011 2037 1061 omnem
2108 1009 2304 1082 spem
2368 987 2447 1058 in
2508 987 2632 1060 lite

139 1111 841 1205 ψευδομαρτυριῶν
942 1109 1265 1202 posuisse
1373 1132 1712 1204 apparere
1818 1109 2000 1181 mihi
2094 1107 2375 1179 videtur
2470 1108 2631 1179 inde

149 1249 478 1322 quoque,
545 1227 723 1320 quod
779 1227 1019 1299 minus
1089 1229 1243 1301 eius
1311 1229 1640 1302 interfuit
1703 1229 2028 1324 recipere,
2095 1250 2274 1323 quae
2327 1227 2440 1299 illi
2494 1229 2631 1300 eri-

153 1353 510 1441 puerant,
561 1369 774 1442 quam
812 1347 976 1420 illos
1011 1349 1257 1444 puniri
1305 1351 1959 1450 ψευδομαρτυριῶν
2014 1355 2080 1421 et
2114 1348 2632 1444 Theophemum

153 1493 695 1559 κακοτεχνιων.

395 1586 778 1681 Postquam
820 1589 902 1661 de
938 1612 1179 1683 causa,
1230 1612 1410 1683 quae
1447 1587 1524 1660 in
1562 1588 1874 1661 oratione
1910 1587 2200 1660 XLVII
2254 1596 2646 1694 enarratur,

160 1708 482 1803 eiusque
551 1708 903 1780 actoribus
974 1709 1434 1804 exposuimus
1502 1708 1857 1802 reliquum
1922 1715 2059 1801 est,
2130 1713 2211 1780 ut
2280 1733 2413 1804 quo
2485 1711 2630 1783 fere

163 1851 378 1901 anno
432 1828 680 1902 habita
735 1829 831 1901 sit
883 1829 1102 1901 oratio
1157 1851 1606 1924 quaeramus,
1957 1815 1963 1820 ’

397 1948 756 2020 Orationis
793 1953 1070 2043 tempus
1118 1949 1619 2044 quodammodo
1672 1947 1963 2022 definire
2016 1935 2417 2043 possumuS,
2470 1973 2629 2022 cum

168 2068 533 2141 orationis
600 2091 844 2164 parag.
893 2070 995 2140 44
1069 2073 1254 2166 (pag.
1313 2070 1531 2171 1152,
1583 2094 1649 2143 v,
1709 2069 1798 2141 17
1860 2066 2032 2166 sqq.)
2086 2075 2364 2141 exstent
2416 2072 2633 2144 verba

171 2191 404 2262 haec:
478 2193 600 2263 καὶ
668 2194 895 2262 ταῦτα
964 2188 1062 2278 ὡς
1127 2187 1382 2291 ἀληθῆ
1448 2194 1651 2281 λέγω,
1720 2186 1927 2285 ὑμῶν
2000 2219 2069 2263 τε
2139 2192 2398 2285 δέομαι
2464 2187 2629 2265 ὅσοι

174 2307 568 2406 ἐβούλευον
597 2311 707 2382 ἐπ’
731 2307 1258 2401 Ἀγαθοκλέους
1285 2306 1644 2410 ἄρχοντος
1666 2306 1960 2409 φράζειν
1995 2324 2145 2400 τοῖς
2180 2319 2627 2411 παρακαθη-

174 2439 458 2527 μένοις.
569 2428 842 2517 Quibus
911 2453 948 2502 e
1017 2430 1256 2503 verbis
1325 2437 1617 2526 apparet
1679 2428 2201 2525 Theophemum
2264 2454 2310 2503 a
2376 2438 2631 2504 senatu

179 2551 731 2625 condemnatum
797 2574 954 2625 esse
1017 2550 1412 2649 Agathocle
1482 2551 1817 2625 archonte
1888 2550 1933 2624 i.
2004 2575 2057 2625 e.
2132 2575 2319 2625 anno
2392 2547 2628 2649 357so

183 2674 326 2768 (Ol.
398 2672 562 2745 105.
627 2670 723 2771 4),
788 2696 924 2767 quo
985 2694 1174 2746 anno
1241 2678 1436 2745 actor
1501 2672 1942 2746 trierarchus
2010 2672 2153 2744 fuit
2224 2672 2335 2767 (ef.
2406 2678 2448 2765 ξ
2515 2673 2632 2767 22,

184 2816 350 2890 pag.
390 2794 607 2886 1145,
641 2816 707 2865 V.
745 2793 878 2865 22:
937 2801 1191 2885 ἔτυχον
1228 2789 1318 2893 δὴ
1373 2792 1502 2885 ἐγὼ
1558 2793 2061 2892 τριηραρχῶν).
2162 2792 2404 2866 Huius
2460 2795 2629 2866 trie-

187 2914 518 2986 rarchiae
553 2936 844 2985 munere
878 2913 1170 2985 functus
1208 2918 1314 2985 est
1364 2918 1557 2986 actor
1608 2913 1778 3009 ipse.
1882 2912 2634 3018 Postquam-revertit,

190 3036 370 3129 quod
448 3034 602 3107 veri
677 3033 912 3106 simile
990 3039 1096 3105 est
1163 3039 1436 3129 postero
1505 3056 1694 3107 anno
1766 3032 1901 3128 (01.
1974 3033 2140 3127 106,
2214 3035 2289 3106 1;
2368 3032 2631 3131 35615)

192 3156 458 3229 factum
531 3178 703 3248 csse,
772 3176 994 3227 causa
1058 3154 1236 3248 quod
1305 3178 1350 3227 a
1399 3152 1837 3249 Theophcmo
1906 3153 2098 3249 prior
2150 3160 2335 3227 esset
2386 3156 2628 3229 verbe-

196 3281 397 3349 ratus
466 3274 804 3348 diaetetae
864 3273 1098 3347 delata
1159 3280 1285 3368 est,
1348 3274 1693 3346 iudicium
1770 3278 2003 3347 autem
2060 3282 2511 3383 παραγραφῇ
2564 3283 2633 3349 et

197 3395 610 3492 hypomosia
661 3420 706 3468 a
757 3394 1192 3490 Theophemo
1244 3394 1683 3490 interpositis
1738 3394 2039 3467 dilatum
2095 3402 2201 3466 est
2254 3396 2365 3490 (cf.
2402 3400 2444 3486 ἓ
2482 3397 2630 3490 45).

199 3514 448 3589 Eodem
523 3539 709 3587 anno
756 3514 1242 3611 Theophemus
1313 3515 1402 3587 ab
1476 3514 1743 3588 arbitro
1812 3515 2319 3587 condemnatus
2372 3516 2461 3589 ad
2514 3518 2627 3589 iu-

203 3636 380 3709 dices
433 3636 862 3731 provocavit,
934 3660 978 3709 a
1033 3636 1290 3731 quibus
1345 3642 1538 3708 actor
1590 3636 1973 3709 damnatus
2027 3641 2153 3708 est.
2253 3635 2630 3710 Praeterea

207 3757 419 3830 altera
455 3756 714 3829 actoris
751 3756 1177 3829 trierarchia
1210 3755 1654 3852 respicienda
1702 3762 1825 3829 est.
1926 3755 2028 3829 Eo
2062 3763 2367 3853 tempore
2420 3757 2630 3850 enim,

209 3899 330 3970 quo
398 3877 463 3948 ei
531 3877 760 3949 multa
812 3875 1256 3949 MGCGXIII
1324 3868 1830 3949 drachmarum
1905 3877 2203 3949 duorum
2270 3876 2625 3949 obolorum

209 4004 347 4070 erat
413 3997 768 4090 solvenda,
818 3996 1338 4092 Theophemum
1402 3997 1733 4070 convenit
1784 3998 2049 4091 absque
2100 4020 2176 4069 eo
2228 3997 2484 4094 petivit
2531 4003 2630 4092 ut,

213 4138 355 4189 oum
391 4118 604 4190 navis
641 4117 1058 4190 Alcimacho
1095 4117 1258 4193 duci
1312 4117 1450 4190 sibi
1485 4125 1672 4191 esset
1724 4116 2089 4212 armanda,
2136 4117 2319 4190 diem
2370 4118 2625 4214 produ-

214 4244 393 4332 ceret,
460 4261 536 4311 se
601 4260 756 4311 esse
820 4238 1240 4331 soluturum,
1306 4260 1468 4311 cum
1521 4260 1783 4311 navem
1833 4238 2192 4311 emisisset
2242 4238 2355 4333 (cf.
2411 4242 2454 4330 ἓ
2512 4241 2628 4334 50,

213 4380 352 4455 pag.
409 4360 627 4452 1154,
677 4383 744 4431 v,
804 4358 896 4431 12
954 4359 1142 4453 sqq).
1246 4357 1645 4452 Quaeritur,
1715 4381 1850 4454 quo
1917 4381 2105 4431 anno
2171 4358 2394 4431 huius
2456 4360 2625 4433 trie-

213 4478 520 4553 rarchiae
600 4501 888 4551 munere
960 4480 1250 4551 functus
1320 4479 1432 4552 sit.
1538 4478 1876 4555 Blassius
1931 4479 2045 4574 (cf.
2098 4479 2353 4551 Athen.
2407 4479 2625 4575 eloqu.
