3200 5150
1157 401 1666 474 ...21-

157 645 162 648 ·
218 613 337 698 est,
405 606 581 700 quod
651 606 1107 697 coniecimuS‚
1175 606 1695 701 Theophemum
1768 629 1812 678 a
1877 604 2275 698 Pythodoro
2344 604 2647 682 diaeteta

217 748 364 798 esse
415 726 978 800 condemnatum.-

415 854 592 926 Tum
633 877 776 926 non
828 855 1050 948 vide0‚
1101 854 1286 928 unde
1321 852 1596 926 Hubert
1650 851 2020 925 concludat
2057 849 2645 944 Schoemannum,

226 973 341 1068 qui
398 972 636 1048 fusius
703 975 784 1047 de
851 975 982 1048 hoc
1044 974 1192 1046 loco
1258 973 1566 1068 disputet
1620 970 1733 1068 (cf.
1784 972 1919 1044 litt.
1972 975 2115 1044 Att.
2168 995 2325 1068 pag.
2382 968 2642 1067 653l4)

226 1094 297 1164 in
330 1093 597 1166 actione
631 1093 1059 1190 Theophemi
1094 1100 1339 1166 contra
1375 1100 1719 1166 oratorem
1756 1092 2132 1167 arbitrium
2170 1114 2324 1165 esse
2374 1091 2645 1166 factum

218 1237 479 1310 negare.

413 1333 744 1406 Forsitan
785 1332 1221 1428 quaesiverit
1271 1331 1650 1427 quispiam,
1702 1354 1916 1426 quam
1968 1333 2053 1404 ob
2103 1354 2252 1404 rem
2303 1331 2643 1405 diaetetae

217 1453 568 1546 iudicium,
633 1476 767 1548 quo
819 1453 1308 1548 Theophemus
1373 1450 1756 1524 damnatus
1809 1457 2012 1543 esset,
2080 1452 2169 1524 ab
2222 1459 2451 1524 actore
2503 1474 2644 1524 non

217 1574 310 1646 sit
373 1579 1010 1665 commemoratum,
1074 1571 1491 1667 praesertim
1559 1593 1725 1643 cum
1788 1577 1981 1644 actor
2051 1595 2094 1644 a
2158 1571 2458 1646 diaeteta
2518 1573 2641 1644 ab·

212 1694 478 1766 solutus
531 1693 653 1766 sed
706 1695 794 1767 ab
846 1692 1202 1766 iudicibus
1254 1691 1637 1764 damnatus
1690 1696 1893 1763 esset.
1994 1693 2101 1763 Ac
2153 1714 2233 1764 re
2282 1715 2455 1764 vera
2508 1691 2641 1762 mi-

217 1813 514 1886 randum
568 1819 677 1886 est
727 1819 1032 1886 actorem
1083 1811 1266 1884 illud
1312 1810 1829 1906 praeiudicium
1884 1811 2228 1904 omisisse,
2282 1811 2403 1884 sed
2452 1811 2644 1883 nihil

215 1933 513 2026 invenie,
579 1955 714 2028 quo
767 1932 1099 2006 excusari
1151 1932 1224 2004 id
1273 1931 1519 2027 possit,
1588 1931 1735 2002 nisi
1790 1930 2172 2003 orationem
2225 1930 2643 2024 celeriorem,

215 2076 350 2147 qua
417 2058 612 2126 actor
677 2075 790 2124 res
857 2051 1042 2147 apud
1106 2052 1445 2126 diaetetas
1515 2057 1714 2122 actas
1780 2051 2083 2146 exponit,
2158 2051 2344 2124 sicut
2411 2050 2642 2124 multa

211 2172 605 2246 coniectura
658 2179 940 2245 tantum
992 2172 1338 2266 explicari
1389 2177 1709 2266 possunt.

403 2310 586 2382 Tum
657 2309 917 2383 dixerit
980 2308 1340 2403 quispiam
1411 2331 1447 2380 e
1517 2307 1777 2398 verbis,
1841 2330 2021 2402 quae
2084 2307 2269 2381 sint:
2337 2306 2498 2399 ,ἐγὼ
2566 2311 2643 2383 δὲ

213 2427 564 2504 πιστεύων
625 2435 914 2527 ἐμαυτῷ
983 2431 1210 2526 μηδὲν
1280 2425 1551 2502 ἀδικεῖν
1623 2424 1888 2534 εἰσῄειν
1951 2435 2058 2518 εἰς
2117 2427 2337 2523 ὑμᾶς(
2407 2429 2641 2524 potius

215 2549 529 2623 concludi
598 2571 804 2645 posse
872 2555 1175 2623 actorem
1257 2571 1300 2621 a
1373 2547 1674 2622 diaeteta
1740 2547 2157 2622 damnatum
2221 2549 2307 2623 ad
2372 2549 2641 2623 iudices

214 2692 644 2764 provocasse.
745 2669 924 2743 Rem
992 2691 1338 2764 exponam
1408 2669 1537 2741 hoc
1606 2668 1843 2741 modo:
1920 2669 2074 2745 illis
2141 2670 2379 2743 verbis
2450 2676 2642 2743 actor

215 2789 390 2861 mihi
468 2790 752 2862 videtur
830 2789 1188 2862 ostendere
1267 2789 1585 2862 voluisse
1656 2788 2211 2885 Theophemum‚
2290 2790 2412 2885 qui
2491 2792 2640 2863 iam

210 2909 471 2982 arbitro
537 2909 819 3005 privato
885 2932 1033 2981 rem
1103 2909 1370 2981 deferre
1436 2910 1893 3004 recusaverit,
1952 2908 2203 3005 culpae
2276 2911 2640 2983 conscium

211 3029 509 3101 veritum
585 3052 768 3122 esse,
837 3052 926 3101 ne
1001 3031 1091 3102 ab
1167 3028 1386 3101 altero
1457 3051 1727 3124 quoque
1802 3029 2065 3102 arbitro
2142 3029 2635 3124 damnaretur3

205 3151 654 3242 quamobrem
728 3172 891 3221 eum
959 3150 1262 3221 alterum
1330 3148 1709 3221 arbitrium
1775 3149 2225 3245 paragraphe
2296 3155 2364 3221 et
2415 3149 2637 3245 hypo-

207 3269 430 3342 mosia
464 3268 835 3342 distulisse
857 3265 925 3360 ¹),
975 3275 1049 3341 at
1085 3292 1161 3341 se
1216 3292 1650 3364 quamquam
1702 3270 2005 3366 potuerit
2056 3269 2244 3341 nihil
2298 3269 2640 3342 eiusmodi

204 3386 456 3461 fecisse
475 3385 549 3482 ⁶2),
601 3411 764 3461 cum
807 3389 1019 3484 culpa
1072 3389 1376 3462 liberum
1429 3411 1504 3461 se
1557 3412 1712 3461 esse
1759 3389 2063 3484 putarit3
2118 3389 2641 3485 Theophe'mum

64 3504 66 3523 ⁵
207 3506 386 3581 illud
452 3509 735 3605 fecisse,
808 3517 889 3580 ut
957 3508 1208 3581 arbitri
1279 3507 1623 3580 iudicium
1698 3515 1936 3581 ratum
1999 3509 2159 3582 fieri
2228 3510 2639 3604 prohiberet.

64 3532 68 3693 ι
209 3626 532 3705 Verbum
584 3638 884 3723 εἰσιέναι
937 3630 1064 3723 (εἰς
1113 3625 1282 3718 τοὺς
1335 3626 1714 3721 δικαστάς)
1766 3635 1846 3701 ut
1882 3637 2277 3725 usurpatur
2312 3628 2392 3703 de
2430 3652 2636 3702 accu-

64 3696 67 3813 Ῐ
206 3754 434 3822 satore
495 3749 602 3821 ita
669 3749 750 3820 de
822 3754 1152 3822 accusato
1217 3748 1302 3821 cf.
1353 3747 1560 3820 Plato
1614 3748 1791 3844 apol.
1849 3748 1939 3820 17
1981 3771 2049 3820 c:
2129 3746 2294 3823 οὐδὲ·
2348 3745 2483 3847 γὰρ
2522 3806 2535 3820 .
2572 3806 2638 3821 ..

375 3951 412 4016 ¹)
447 3949 523 4011 cf.
559 3949 808 4011 Dareste
843 3950 881 4008 l.
916 3949 956 4009 l.
993 3967 1123 4021 pag·
1157 3950 1290 4008 353:
1344 3967 1422 4007 au
1465 3956 1731 4009 moment
1776 3951 1855 4008 osi
1897 3948 2159 4019 l'arbitre
2202 3968 2277 4009 va
2322 3951 2537 4010 rendre
2572 3968 2639 4011 sa

201 4038 482 4094 sentence
529 4053 634 4095 sur
675 4036 914 4096 l’action
963 4036 1229 4095 intentee
1276 4053 1381 4105 par
1428 4035 1730 4101 l’orateur,
1784 4034 2165 4106 Theopheme
2211 4036 2470 4107 imagine
2516 4055 2638 4097 une

202 4135 340 4179 ruse
379 4138 530 4189 pour
570 4120 718 4180 faire
759 4138 966 4192 passer
1000 4138 1108 4180 son
1141 4121 1338 4180 action
1372 4120 1430 4187 la
1464 4121 1776 4193 premiere.
1844 4118 1899 4178 Il
1934 4138 2152 4191 oppose
2186 4123 2223 4181 εἴ
2256 4120 2315 4180 la
2350 4122 2637 4183 demande

197 4204 274 4271 de
293 4204 574 4266 l’orateur
596 4224 716 4265 une
739 4208 1056 4279 exception
1077 4206 1347 4266 dilatoire
1369 4208 1643 4277 appuyee
1671 4206 1814 4265 d’un
1840 4210 2123 4275 serment3
2162 4206 2311 4267 c’est
2333 4226 2401 4268 ce
2434 4208 2533 4280 qu’
2559 4228 2637 4269 on

194 4290 451 4361 appelait
488 4316 734 4371 παραγρ.
763 4296 857 4353 καὶ
894 4291 1078 4367 buum.
2042 4351 2049 4355 .

207 4396 214 4401 ·
369 4384 410 4451 ²)
447 4383 518 4443 cf.
555 4380 755 4443 Blass:
801 4390 903 4443 att.
940 4383 1178 4443 BeredS.
1213 4382 1309 4442 ΙΙΙ
1345 4386 1417 4445 (2)
1454 4402 1582 4456 pag.
1618 4386 1737 4453 544,
1774 4389 1892 4443 not.
1928 4386 1989 4443 3:
2031 4429 2046 4441 .
2071 4428 2085 4441 .
2112 4428 2124 4439 .
2151 4427 2166 4439 .
2193 4387 2297 4463 ἐγώ
2340 4393 2397 4449 δὲ
2433 4394 2480 4449 e.
2509 4390 2563 4460 q'.
2588 4407 2635 4449 s.

195 4469 574 4541 (gebrauchte
609 4469 784 4529 keine
820 4470 1062 4529 solchen
1097 4469 1307 4537 MitteL
1345 4468 1472 4529 Th’.
1509 4471 1699 4541 Klage
1732 4468 2155 4536 hinzuhalten).
