3200 5150
1193 395 1704 482 —-.19—

424 601 643 675 Porro
696 600 1114 674 Aristoteles
1179 623 1308 673 nos
1377 601 1570 709 docet
1629 601 1711 673 de
1770 601 2062 694 ratione,
2126 623 2270 697 qua
2342 623 2563 674 causa
2612 624 2661 673 *a

229 721 544 807 diaetetis
600 720 688 794 ad
740 720 1008 794 iudices
1065 720 1162 793 sit
1213 720 1464 794 delata.

424 856 578 931 Nec
640 882 825 952 ver0,
891 859 1087 932 intra
1146 857 1326 954 quod
1379 864 1658 954 tempus
1712 865 1985 954 partem
2029 864 2531 954 provocantem
2586 881 2662 930 se

232 979 309 1051 in
356 978 618 1052 iudicio
671 978 924 1052 arbitri
977 1001 1119 1050 non
1170 1000 1325 1050 esse
1380 978 1867 1073 acquieturam
1894 1061 1898 1066 ,
1921 985 2149 1073 atque
2182 978 2300 1051 cui
2351 977 2424 1049 id
2475 1001 2662 1050 nun„

235 1099 403 1172 tiare
457 1097 855 1194 oportuerit,
906 1098 1117 1193 plane
1168 1097 1248 1169 in
1301 1105 1538 1194 aperto
1591 1105 1717 1170 est.
1816 1096 1981 1171 Non
2032 1098 2287 1171 desunt
2336 1097 2459 1192 qui
2512 1097 2663 1169 exi-

228 1218 518 1290 stiment
585 1216 806 1291 multo
873 1225 1032 1313 post
1101 1217 1478 1290 arbitrium
1519 1217 1787 1292 ,datum
1855 1240 2233 1313 provocare
2284 1217 2577 1290 licuisse
2599 1215 2665 1309 1).

231 1337 454 1426 Quam
525 1337 952 1410 sententiam
1018 1337 1166 1410 iam
1233 1337 1510 1411 Hubert
1573 1336 1919 1410 refutavit
1984 1336 2171 1434 (pag.
2220 1335 2366 1434 47).
2472 1335 2665 1424 Quod

236 1464 465 1531 tamen
500 1457 620 1530 hic
668 1457 1022 1530 contendit
1072 1454 1334 1555 (eodem
1369 1456 1545 1546 loco)
1597 1479 1778 1550 eum,
1830 1457 1954 1553 qui
2008 1458 2097 1532 ab
2150 1457 2412 1530 arbitro
2465 1457 2661 1529 dam-

232 1584 444 1650 natus
497 1582 705 1670 esset,
764 1577 1230 1674 magistratui
1283 1600 1359 1649 se
1411 1599 1789 1672 provocare
1841 1576 2026 1650 velle
2076 1577 2413 1650 nuntiare
2466 1600 2663 1672 opor·

235 1697 472 1790 tuisse,
523 1719 666 1769 non
711 1696 931 1790 vide0,
982 1719 1117 1792 quo
1169 1720 1258 1769 ex
1303 1696 1493 1770 fonte
1518 1696 1611 1769 „id
1664 1697 2006 1770 hauserit.
2107 1695 2222 1768 Ex
2256 1697 2663 1770 Aristotelis

231 1817 628 1890 testimonio
697 1816 1251 1889 concludendum
1304 1839 1460 1889 esse
1511 1817 1696 1888 mihi
1744 1816 2027 1889 videtur
2078 1839 2258 1909 eum,
2330 1817 2452 1912 qui
2504 1840 2664 1912 pro·

236 1959 478 2010 vocare
545 1936 930 2010 inanimo
995 1936 1344 2029 habuerit,
1410 1936 1484 2010 id
1549 1937 1798 2010 statim
1868 1935 2203 2009 nuntiare
2276 1932 2665 2032 oportuisse

229 2062 436 2150 atque
469 2056 544 2128 id
595 2077 756 2148 non,
806 2063 888 2129 ut
939 2057 1216 2130 Hubert
1263 2057 1650 2149 existimat,
1699 2056 2178 2154 magistratui,
2230 2057 2349 2130 sed
2403 2058 2665 2130 arbitro

231 2175 389 2270 ipsi.
515 2175 708 2248 Nam
775 2177 901 2250 ubi
968 2177 1446 2250 instrumenta
1515 2177 1596 2248 in
1664 2177 1872 2248 urnis
1944 2176 2254 2250 condita.
2291 2176 2666 2274 obsignata
2740 2195 2743 2198 ’

229 2295 378 2368 sint
437 2295 788 2369 arbitrum
851 2296 1097 2370 adesse
1151 2297 1543 2392 oportuisse
1597 2297 1951 2369 neminem
2008 2319 2269 2394 negare
2320 2297 2665 2369 existimo.

226 2413 407 2488 Tum
453 2416 919 2512 magistratui
968 2438 1257 2511 quoque,
1309 2416 1426 2489 cui
1477 2415 1885 2488 testimonia
1939 2416 2415 2510 tradebantur,
2477 2441 2663 2489 nun-

231 2534 488 2609 tiatum
554 2559 710 2609 esse
779 2542 1052 2631 partem
1115 2536 1421 2611 alteram
1484 2558 1863 2633 provocare
1916 2536 2101 2610 velle
2153 2559 2278 2633 per
2332 2559 2406 2610 se
2456 2543 2666 2632 patet.

430 2673 820 2770 Postquam
891 2674 1066 2747 haec
1133 2675 1215 2747 de
1279 2674 1572 2747 arbitris
1641 2674 2100 2769 exposuimus
2155 2716 2253 2727 -
2306 2698 2449 2747 11011
2500 2676 2664 2748 11111-

231 2792 396 2865 tiles
446 2794 631 2866 mihi
694 2794 1122 2867 videbantur
1177 2794 1313 2867 hae
1379 2794 1826 2889 quaestiones
1881 2788 1982 2847 -’-
2037 2794 2126 2867 ad
2198 2808 2506 2867 causam·
2555 2816 2663 2868 re-

228 2910 520 2986 deamus
587 2920 656 2986 et
717 2937 1170 3012 quaeramus,
1226 2938 1406 2987 num
1459 2915 1830 3006 sententia,
1894 2937 2109 3009 quam
2167 2936 2387 3009 supra
2406 2911 2462 3011 2)
2516 2921 2663 2988 sta·

231 3032 519 3126 tuimuS,
569 3040 752 3107 recte
805 3057 880 3107 se
931 3034 1204 3107 habeat.

431 3171 540 3242 Ac
574 3171 887 3266 primum
940 3170 1217 3266 quidem
1257 3178 1364 3243 est
1398 3171 2021 3244 demonstrandum
2071 3170 2151 3242 in
2188 3158 2409 3243 causa
2444 3171 2663 3244 Theo-

233 3288 467 3383 phemi
522 3291 743 3363 actori
795 3290 1070 3364 intenta
1121 3291 1203 3363 de
1255 3291 1743 3386 provocatione
1797 3291 1934 3387 agi.

432 3426 803 3524 Leguntur
838 3427 1177 3528 orationis
1225 3428 1304 3499 111
1357 3451 1601 3524 parag.
1643 3429 1755 3502 16*
1784 3428 1978 3524 (pag.
2019 3428 2215 3501 1143
2252 3452 2317 3500 v,
2357 3429 2453 3501 23
2492 3432 2665 3526 sqq.)

231 3544 439 3619 haec:
500 3543 758 3648 ἐπειδὴ
784 3552 1029 3621 τοίνυν
1079 3570 1197 3621 σοι
1251 3544 1408 3622 τότε
1462 3546 1548 3621 οὐ
1599 3553 1847 3648 παρῆν
1899 3548 1946 3647 (ἡ
2000 3546 2427 3649 ἄνθρωπος,
2482 3546 2666 3623 ἀλλὰ

239 3662 586 3765 πρότερον
626 3664 1167 3765 ἐσημάνθησαν
1202 3672 1273 3740 οἱ
1307 3673 1552 3760 ἐχῖνοι,
1607 3664 1917 3765 ὕστερον
1953 3674 2152 3741 ἔστιν
2189 3663 2375 3741 ὅπου
2412 3666 2668 3768 ἤγαγες

244 3781 372 3885 τὴν
407 3783 818 3886 ἄνθρωπον
853 3792 957 3876 εἰς
993 3782 1127 3887 τὴν
1164 3783 1541 3887 ἀγορὰνῆ
1593 3794 1699 3878 εἰς
1751 3786 1831 3861 τὸ
1886 3783 2395 3887 δικαστήριον,·
2447 3790 2666 3860 verba

233 3892 456 4000 igitur
517 3904 649 3978 ho'c
701 3906 849 3979 loco
901 3889 1090 3977 fiunt
1140 3906 1222 3978 de
1275 3906 1429 3979 litis
1483 3906 1985 3980 instrumentis
2039 3906 2453 4003 obsignatis,
2557 3910 2665 3981 Ac

229 4046 394 4097 -cum
433 4049 654 4121 supra
685 4026 1090 4121 'expositum
1127 4026 1224 4098 sit
1257 4050 1340 4100 ea
1371 4034 1541 4099 esse*
1567 4019 1960 4130 obsignata,
2010 4048 2167 4097 cum
2206 4030 2385 4121 'pars
2442 4026 2665 4099 altera

235 4166 314 4215 se
371 4161 540 4219 esse
624 4152 1166 4241 provocaturam
1251 4146 1513 4219 arbitro
1596 4144 2110 4236 nuntiavisset,
2190 4168 2351 4217 cum
2432 4145 2663 4217 Hudt-

411 4380 446 4445 ¹)
482 4380 553 4439 cf.
589 4380 1040 4441 Hudtwalckeri
1073 4382 1111 4439 1.
1147 4382 1186 4439 1.
1221 4398 1350 4451 pag.
1389 4380 1490 4439 120
1524 4385 1644 4438 not.
1681 4358 1745 4437 2.
1894 4340 1918 4445 ⁴,

405 4464 450 4531 ²)
487 4465 558 4525 cf.
593 4482 722 4535 pag.
761 4468 840 4525 17.
1794 4492 1806 4504 ··
