3200 5150
1151 405 1660 480 ...33-

199 607 591 713 ἀνθρώπου
658 616 778 688 καὶ
845 607 1140 701 δικαίως
1208 608 1689 712 ἀπηλλάχθαι
1744 669 1760 686 .
1808 669 1824 686 .
1877 669 1893 685 .
1947 670 1961 686 .
2029 607 2377 702 πολλάκις
2431 617 2615 707 ἐμοῦ

197 739 820 831 προκαλεσαμένου
888 737 1010 807 καὶ
1078 719 1589 832 ἐξαιτήσαντος
1643 729 1777 833 τὴν
1828 730 2236 830 ἄνθρωπον
2274 789 2288 805 .
2324 790 2338 804 .
2375 789 2390 805 .
2427 793 2441 808 .
2496 735 2617 806 καὶ

197 859 266 923 ἐν
331 857 432 957 τῇ
490 848 962 952 ἀνακρίσει
1007 857 1178 926 τῶν
1230 855 2103 952 ψευδομαρτυριῶν,
2177 875 2422 950 parag.
2480 851 2612 925 18:

194 968 536 1067 βούλομαι
574 1030 588 1044 .
624 1030 637 1044 .
674 1034 688 1048 .
749 969 878 1074 τὴν
933 975 1137 1072 δίκην
1191 969 1699 1074 διηγήσασθαι
1736 1030 1752 1047 .
1786 1031 1802 1047 .
1836 1031 1851 1048 .
1906 976 2026 1046 ἵνα
2079 974 2313 1072 εἰδῆτε
2364 969 2478 1046 ὅτι
2530 969 2617 1045 οὐ

194 1087 406 1182 μόνον
461 1098 642 1182 ἐμοῦ
697 1090 962 1182 ἀδίκως
1015 1090 1536 1167 κατεδικάσατο
1591 1090 2149 1194 ἐξαπατήσας
2209 1089 2421 1183 τοὺς
2487 1096 2618 1166 δι-

195 1207 557 1302 καστάς,
611 1209 794 1285 ἀλλὰ
849 1217 971 1287 καὶ
1027 1219 1155 1313 τῆς
1203 1215 1473 1314 βουλῆς
1525 1237 1578 1286 e.
1614 1238 1675 1309 q.
1714 1237 1787 1308 S.‚
1859 1237 2105 1310 parag.
2150 1213 2284 1286 46:
2357 1216 2614 1308 δέομαι

193 1330 457 1428 δὐμῶν
520 1336 682 1406 νυνὶ
753 1335 1046 1406 δικαίαν
1115 1335 1390 1434 δέησιν,
1457 1329 1615 1429 ἅμα
1666 1339 1799 1429 μὲν
1855 1331 2154 1408 δικάσαι
2206 1337 2406 1434 περὶ
2459 1340 2619 1433 τῆς

192 1457 702 1554 μαρτυρίας
770 1448 1106 1554 πότερα
1162 1448 1500 1554 ψευδής
1552 1458 1805 1526 ἐστιν
1855 1450 1903 1554 ἢ
1957 1449 2276 1555 ἀληθής,
2328 1448 2485 1548 ἅμα
2540 1454 2617 1526 δὲ

192 1577 340 1671 περὶ
408 1577 538 1645 τοῦ
591 1569 1017 1670 πράγματος
1070 1577 1142 1661 ἐξ
1191 1571 1420 1674 ἀρχῆς
1473 1580 1932 1674 σκέψασθαι,
1996 1596 2241 1671 parag.
2292 1573 2429 1646 47:
2497 1577 2617 1648 καὶ

191 1689 348 1782 τοὺς
385 1689 767 1793 μάρτυρας
819 1690 941 1766 διὰ
997 1699 1208 1767 τοῦτο
1265 1690 1498 1768 διώκω
1553 1699 1699 1767 τών
1749 1722 1811 1795 ψ
1832 1696 2523 1794 ευδομαρτυριῶ
2540 1723 2615 1783 ν,

187 1833 424 1908 parag.
460 1813 595 1885 48:
653 1809 900 1913 ἐπειδὴ
938 1808 1072 1912 γὰρ
1109 1803 1358 1912 ὦφλον
1394 1809 1644 1904 αὑτοῒς
1684 1809 1817 1914 τὴν
1872 1817 2103 1914 δίκην,
2158 1813 2264 1914 ἐφ’
2314 1806 2364 1921 ᾗ
2418 1840 2620 1904 τους

186 1960 227 2026 μ
246 1929 346 2033 άρ
369 1960 637 2031 τυρας
700 1930 1075 2022 τούτους
1137 1931 1428 2008 διώκω
1491 1929 1582 2007 τὰ
1652 1936 1881 2035 ψευδῆ
1942 1930 2615 2034 μεμαρτυρηκότας,

186 2076 424 2148 parag.
478 2053 611 2126 51:
707 2057 829 2126 καὶ
891 2049 1214 2148 μάλιστά
1279 2083 1425 2150 μου
1494 2051 2027 2144 πιστεύσαντος
2096 2059 2200 2160 τῇ
2264 2083 2357 2127 τε
2425 2060 2614 2127 ἐπι-

187 2171 522 2274 σκήψει
590 2180 748 2246 τῶν
794 2176 1673 2275 ψευδομαρτυριῶν,
1779 2198 2027 2314 parag.
2080 2174 2213 2247 64:
2294 2171 2425 2249 οὐκ
2478 2181 2613 2275 ἔφη

185 2293 360 2386 (scil.
401 2290 811 2394 Θεόφημος)
848 2290 1257 2367 ἀποδώσειν
1299 2321 1428 2388 μοι
1473 2301 1538 2368 εἰ
1571 2291 1677 2396 μή
1731 2322 1842 2385 τις
1894 2291 2122 2368 αυτὸν
2176 2291 2444 2396 ἀφήσει
2497 2299 2619 2368 καὶ

185 2443 344 2505 τους
417 2413 565 2510 μετ’
635 2411 863 2488 αυτοῦ
934 2419 1078 2488 τῶν
1145 2411 1609 2514 ἐγκληιιάτων
1680 2419 1803 2489 καὶ
1871 2412 2076 2505 τοὺς
2147 2411 2320 2550 ιιάρ
2344 2442 2618 2517 τυρας

184 2541 338 2609 τῶν
397 2536 698 2637 ψευδο
691 2561 1221 2636 ιιαοτυοιων

385 2672 655 2761 Quibus
722 2672 897 2745 loeis
967 2672 1212 2745 allatis
1281 2678 1574 2769 apparet
1641 2672 1968 2746 omnibus
2038 2639 2342 2745 actorem
2416 2673 2615 2748 litem

180 2797 830 2894 ψευδομαρτυριῶν
878 2814 1283 2867 memorare.
1387 2793 1580 2881 Quod
1635 2798 1828 2865 actor
1879 2793 1991 2866 bis
2019 2788 2065 2885 ¹)
2120 2801 2616 2867 commemorat

182 2938 249 2987 se
301 2915 432 2987 lite
487 2917 765 3003 αἰκείας
798 2912 1322 3009 Theophemum
1373 2914 1520 2987 iam
1572 2914 1919 3010 persequi,
1971 2914 2053 2986 de
2104 2913 2241 2987 hae
2294 2936 2370 2987 re
2421 2913 2616 2987 infra

181 3033 676 3132 disputabitur.
780 3032 974 3121 Quod
1044 3034 1291 3106 deinde
1354 3056 1648 3131 paragg.
1713 3034 1779 3106 3.
1850 3034 1962 3108 18.
2032 3034 2132 3107 48
2203 3035 2619 3130 pronuntiat

181 3180 248 3227 se
315 3179 471 3229 rem
541 3156 630 3227 ab
695 3154 902 3227 initio
970 3176 1124 3226 esse
1189 3160 1675 3247 narraturum,
1738 3160 1819 3226 ut
1883 3154 2152 3226 iudices
2205 3154 2619 3251 intelligant

181 3278 448 3372 priores
513 3275 783 3348 iudices
856 3274 1172 3370 deceptos
1239 3298 1447 3371 seque
1513 3274 1785 3347 iniuste
1839 3273 2257 3348 damnatum
2308 3298 2481 3369 esse,
2544 3276 2617 3349 id

179 3398 411 3493 pluris
450 3394 998 3488 aestimaverim,
1047 3418 1262 3491 quam
1301 3394 1767 3468 Sohaffnerus
1806 3394 2167 3490 aestimat3
2220 3418 2395 3469 nam
2436 3420 2617 3493 quae

175 3519 325 3591 illis
401 3515 882 3613 paragraphis
951 3521 1183 3587 orator
1250 3515 1451 3609 dicit,
1533 3521 1704 3588 sunt
1774 3514 1971 3587 tituli
2037 3516 2325 3612 quidam
2393 3517 2617 3593 trium

178 3637 519 3713 orationis
572 3635 917 3732 partium:
983 3636 1434 3732 paragrapho
1483 3637 1534 3708 4
1588 3619 1955 3731 usquead
2007 3658 2251 3732 parag.
2308 3637 2400 3710 17
2456 3660 2615 3733 pro-

176 3760 389 3833 batur
454 3756 937 3865 testimonium
1005 3757 1096 3830 ab
1147 3756 1423 3853 Euerg-o
1477 3762 1545 3863 et
1594 3754 1997 3828 Mnesibulo
2048 3756 2295 3828 datum
2346 3756 2609 3830 falsum

177 3902 350 3973 esse,
399 3900 644 3973 parag.
703 3876 795 3949 19
835 3898 1075 3971 usque
1128 3877 1217 3949 ad
1265 3900 1509 3975 parag.
1561 3876 1661 3948 47
1716 3881 2058 3948 narratur
2110 3898 2332 3949 causa
2392 3898 2617 3973 usque

177 4002 261 4073 ad
330 3997 592 4073 actoris
661 3996 1206 4091 damnationem,
1275 4020 1520 4095 parag.
1585 3997 1685 4070 49
1757 4018 1984 4091 usque
2051 3996 2137 4069 ad
2205 4019 2449 4094 parag.
2518 3998 2615 4070 73

173 4120 573 4217 exponitur,
640 4116 898 4213 quibus
960 4140 1050 4189 ex
1113 4117 1328 4190 factis
1370 4116 1963 4192 'adversariorum
2016 4114 2339 4189 concludi
2390 4117 2617 4213 possit

171 4240 660 4315 testimonium
728 4237 1020 4310 illorum
1085 4262 1240 4312 esse
1304 4238 1593 4312 falsum.
1713 4224 1958 4332 parag.
2013 4235 2060 4309 3
2128 4237 2365 4310 verbis
2435 4260 2616 4333 quae

350 4498 388 4563 ¹)
425 4492 498 4552 cf.
537 4493 569 4561 ἓ
604 4494 640 4552 8
675 4497 735 4552 et
770 4493 801 4561 ἕ
841 4494 921 4551 10.
