3200 5150
1457 399 1966 471 -10-

490 602 828 698 cuiquam
859 605 1382 692 ,διαδικασίαν
1403 600 1462 698 ¹)
1507 603 1939 696 instituerat,
1992 603 2111 677 sed
2160 603 2505 678 iudicium
2561 610 2808 678 contra
2860 627 2943 678 se

487 721 662 794 ferri
726 744 990 817 passus
1063 729 1243 816 erat,
1312 723 1786 798 nihilominus
1854 723 2087 798 debita
2153 746 2295 797 non
2361 723 2677 798 reddidit.
2798 722 2939 798 Sed

489 843 802 938 primum
837 841 1254 937 Aphareum
1286 842 1422 916 illa
1457 844 1699 916 debere
1751 842 2123 935 contendit,
2173 851 2251 917 at
2301 843 2553 939 culpae
2605 844 2942 918 conscius

489 962 691 1036 litem
754 962 820 1034 ei
871 984 1014 1034 non
1065 961 1400 1036 instituit.
1499 964 1611 1036 Ac
1664 970 1905 1060 postea
1957 962 2239 1036 demum
2291 987 2367 1037 90
2413 971 2741 1060 tempore,
2798 986 2941 1059 quo

492 1083 714 1157 oratio
767 1080 1016 1155 habita
1067 1089 1193 1176 est,
1242 1081 1668 1156 Demochari
1735 1083 1869 1156 illa
1923 1105 1999 1156 se
2050 1082 2325 1156 dedisse
2374 1082 2559 1156 dixit
2608 1083 2941 1179 filiosque

493 1202 648 1276 eius
705 1202 1092 1275 accusavit.
1192 1203 1412 1275 Actor
1475 1202 1721 1300 igitur,
1788 1225 1951 1276 cum
2016 1202 2293 1276 frustra
2352 1201 2587 1276 debita
2653 1203 2941 1300 exigere

485 1305 792 1396 ‘conatus
861 1328 1066 1413 esset,
1130 1321 1320 1417 apud
1377 1319 1834 1412 ἀποστολέας
1901 1329 1970 1395 91
2025 1319 2301 1421 βουλὴν
2367 1321 2448 1394 (19
2499 1321 2941 1417 Theophemo

496 1450 789 1538 questus
827 1450 953 1516 est.
1053 1440 1440 1537 Respondit
1495 1449 1789 1515 senatus
1843 1443 2143 1515 decreto:
2201 1463 2473 1538 quoquo
2527 1441 2724 1513 modo
2776 1440 2939 1514 fieri

495 1570 750 1658 posset,
793 1563 1026 1635 debita
1061 1561 1529 1658 exigerentur.
1636 1562 1783 1650 Quo
1819 1563 2087 1635 decreto
2122 1561 2306 1635 facto
2344 1569 2538 1636 actor
2573 1560 2940 1659 Euergum

493 1681 919 1778 Theophemi
988 1681 1285 1754 fratrem
1358 1683 1688 1755 convenit
1760 1683 2163 1778 decretoque
2238 1686 2628 1756 monstrato
2700 1681 2790 1754 ab
2858 1703 2944 1754 90

489 1802 763 1898 petivit,
814 1810 895 1875 ut
929 1800 1365 1897 Theophemo
1402 1803 1785 1875 nuntiaret.
1885 1803 1994 1874 Ac
2048 1824 2213 1875 cum
2247 1801 2575 1898 Euergus
2630 1808 2942 1874 actorem

494 1922 867 2014 derideret,
929 1920 1050 1994 hic
1112 1921 1414 1994 testibus
1481 1921 1849 1995 advocatis
1917 1922 2407 2019 interrogavit,
2472 1928 2719 1992 utrum
2785 1943 2943 1992 rem

491 2041 929 2116 familiarem
1003 2064 1166 2114 cum
1248 2040 1470 2114 fratre
1549 2041 2034 2115 distribuisset
2048 2037 2105 2130 2)
2186 2064 2423 2114 necne.
2546 2040 2943 2137 Postquam

493 2169 735 2235 autem
803 2160 1133 2258 cognovit
1183 2159 1705 2256 Theophemum
1772 2185 1908 2235 sua
1973 2163 2053 2234 in
2109 2161 2307 2234 domo
2378 2161 2705 2234 habitare
2773 2184 2943 2234 cum

493 2282 970 2379 magistratus
985 2276 1040 2373 3)
1115 2280 1444 2353 ministro
1514 2281 1603 2353 ad
1671 2280 2095 2378 Theophemi
2168 2281 2451 2354 domum
2519 2281 2673 2354 ivit.
2799 2280 2946 2369 Qui

487 2426 660 2498 ,cum
733 2425 879 2475 non
930 2401 1224 2494 adesset,
1292 2423 1576 2474 servam
1631 2408 1824 2474 actor
1874 2403 2094 2475 iussit
2144 2401 2508 2474 dominum
2563 2423 2951 2494 arcessere,

490 2528 778 2619 etcum
818 2521 1305 2618 Theophemus
1359 2521 1679 2595 venisset
1729 2522 2122 2617 postulavit
2171 2521 2479 2595 indicem
2531 2543 2944 2595 armamen-

490 2651 724 2718 torum
741 2640 802 2741 4)
897 2649 964 2715 et
1051 2640 1479 2714 monstravit
1560 2642 1931 2717 decretum.
2085 2642 2605 2738 Theophemum
2698 2648 2945 2715 autem

482 2770 938 2839 recusantem
1031 2761 1264 2835 debita
1351 2761 1517 2833 dare
1608 2784 1683 2835 se
1758 2762 1847 2835 ad
1926 2760 2380 2852 ἀποστολέας
2456 2769 2525 2835 91
2607 2768 2945 2836 senatum

491 2884 698 2979 sequi
760 2882 998 2975 iussit,
1059 2889 1141 2953 ut
1189 2880 1292 2954 eis
1346 2882 1799 2976 persuaderet
1852 2906 1927 2957 se
1980 2882 2170 2955 nihil
2216 2881 2462 2955 debere
2514 2888 2640 2956 aut
2694 2903 2941 2955 arma-

494 3012 736 3085 menta
796 3004 984 3096 dare,
1055 3002 1120 3075 si
1186 3024 1349 3094 non,
1416 3025 1490 3074 se
1554 3002 1859 3098 pignora
1920 3026 2075 3075 esse
2128 3010 2520 3097 capturum.
2624 3000 2758 3074 Sed
2810 2999 2949 3074 ille

493 3146 719 3219 neque
788 3122 954 3195 dare
1020 3145 1244 3217 neque
1330 3122 1529 3217 sequi
1597 3122 1859 3214 voluit,
1936 3144 2154 3218 quare
2221 3128 2414 3194 actor
2478 3110 2760 3193 coactus
2830 3129 2951 3194 est

497 3266 784 3317 servam
852 3242 1056 3315 illam
1129 3241 1486 3339 abducere.
1589 3242 1699 3315 Ea
1761 3265 1926 3315 vero
1992 3248 2229 3337 erepta
2280 3241 2565 3315 domum
2615 3239 2953 3335 intravit,

497 3369 581 3435 ut
631 3362 897 3459 pignus
951 3368 1246 3456 caperet.
1347 3362 1748 3435 Intrantem
1799 3361 2286 3457 Theophemus
2340 3362 2763 3453 verberavit,
2812 3359 2948 3433 ille

497 3489 734 3556 autem
770 3504 905 3574 eOS‚
957 3480 1080 3576 qui
1134 3481 1447 3574 aderant,
1497 3482 1856 3555 obtestans
1914 3504 1987 3553 se
2039 3480 2360 3554 defendit.
2463 3480 2720 3555 Postea
2770 3501 2950 3552 vero

497 3610 826 3676 senatum
862 3601 1408 3698 quingentorum
1446 3601 1623 3674 adiit
1658 3601 1961 3698 quidque
2000 3599 2139 3675 sibi
2175 3600 2551 3675 accidisset
2589 3598 2951 3675 narravit.

504 3788 696 3800 ...—..—

671 3873 710 3940 ¹>
745 3872 821 3931 de
856 3875 1222 3952 ,διοιδικιιιοιίμ6
1258 3871 1331 3932 cf.
1355 3871 1555 3932 Meier.
1593 3878 1654 3932 91
1680 3872 1947 3933 Schoem.
1984 3872 2100 3933 litt.
2124 3874 2245 3933 Att.
2286 3874 2359 3942 (2)
2394 3870 2473 3942 11,
2508 3891 2564 3944 p.
2588 3874 2707 3941 4ἲῖ1,
2741 3876 2861 3931 1101.
2886 3874 2949 3931 9.

664 3974 706 4042 ²)
743 3976 773 4043 ξ
807 3974 890 4043 34,
934 3991 1064 4045 pag.
1102 3976 1252 4046 1149,
1295 3994 1352 4033 V·
1385 3976 1482 4035 22:
1542 3976 1751 4055 πότερα
1802 3984 2155 4054 νενεμημένος
2206 3986 2292 4050 εἴη
2343 3977 2487 4055 πρὸς
2536 3975 2628 4035 τὸν
2678 3972 2945 4049 ἀδελφὸν.

494 4069 567 4132 ef.
602 4069 744 4139 Lys.
781 4066 946 4137 XVI,
983 4071 1014 4138 ἓ
1051 4070 1145 4129 10:
1198 4071 1334 4149 πρὸς
1374 4069 1467 4130 τὸν
1509 4067 1753 4144 ἀδελφὸν
1792 4066 1933 4129 οὕτω
1974 4068 2293 4148 &requestam-0

665 4172 708 4241 ³)
747 4172 778 4239 ἓ
815 4172 900 4243 35,
943 4188 1074 4243 pag.
1120 4173 1271 4241 1149,
1313 4171 1384 4230 26
1435 4171 1619 4247 λαβών
1667 4168 1823 4249 παρὰ
1875 4171 1971 4245 τῆς
2025 4168 2199 4245 ἀρχῆς
2241 4170 2537 4249 ὑπηρέτην.
2618 4168 2763 4245 ἇρχή
2810 4169 2850 4229 i.
2888 4190 2949 4231 Θ.

498 4267 824 4334 ἀποστολεῖς
861 4266 933 4326 cf.
973 4267 1004 4334 ἓ
1040 4268 1124 4335 33,
1161 4268 1310 4336 1149,
1345 4266 1382 4324 4
1416 4270 1476 4323 91
1513 4265 1544 4330 ἓ
1581 4264 1665 4330 37,
1701 4280 1830 4334 pag.
1867 4264 2017 4333 1150,
2057 4265 2137 4334 12,
2174 4264 2246 4323 cf.
2282 4264 2359 4324 M.
2398 4270 2457 4323 ct
2494 4264 2627 4330 Sch.
2665 4264 2778 4324 litt.
2812 4267 2950 4328 Att.

491 4359 557 4437 Π
595 4360 668 4429 (2)
703 4378 833 4431 pag.
869 4362 988 4431 965,
1023 4368 1142 4420 1101.
1176 4363 1301 4431 580;
1338 4360 1542 4431 Rnger
1574 4358 1615 4416 1.
1650 4358 1688 4415 1.
1723 4374 1853 4429 pag.
1890 4360 2009 4418 821.

664 4455 708 4521 ⁴)
745 4456 808 4515 τὸ
839 4456 1166 4534 διάγραμμα
1195 4457 1294 4516 τῶν
1321 4456 1525 4517 σκευῶν
1564 4452 1638 4512 Cf.
1673 4453 1903 4513 Bbekhi
1940 4454 2183 4514 Seeurk.
2219 4472 2345 4527 pag.
2382 4457 2467 4513 ὔῦ.
