3200 5150
1492 371 1797 444 -10
1904 413 2003 423 ..-

521 576 600 648 in
625 575 1122 649 Demosthenis
1159 575 1456 648 editione
1479 573 1567 671 (a.
1601 575 1825 660 1889)
1854 598 1977 670 pro
2008 578 2209 674 δίκης
2238 575 2605 671 scripserit
2638 577 2959 672 ὃιαίτης,·

518 695 820 768 fortasse
900 702 1285 769 commotus
1367 702 1477 770 est
1555 694 1795 769 verbis
1866 694 2113 788 (Dem.)
2193 695 2535 767 orationis
2613 693 2951 767 XXXIII

517 838 762 913 parag.
815 815 916 888 34
969 817 1155 912 (pag.
1220 815 1370 889 903
1437 839 1504 888 V.
1575 817 1671 890 15
1728 815 1889 910 sq.):
1966 819 2138 906 πρὶν
2208 811 2339 914 τὴν
2409 811 2789 913 ἀπόφασιν
2858 840 2953 905 γε·

521 943 790 1009 νέσὲναι
857 941 988 1034 τῆς
1055 938 1356 1035 διαίτης.
1460 934 1595 1008 Sed
1664 935 1729 1006 si
1797 935 1879 1008 de
1948 957 2171 1008 causa
2236 957 2417 1029 quae
2482 933 2957 1040 quadraginta

517 1055 702 1128 viris
738 1054 1046 1127 traditur
1097 1054 1238 1127 dici
1290 1061 1546 1150 potest:
1604 1051 1986 1148 λαγχάνειν
2044 1058 2184 1128 τινὶ
2231 1057 2462 1152 δίκην,
2517 1054 2751 1127 eodem
2802 1053 2959 1127 iure

517 1174 756 1247 verbis
828 1172 904 1270 ,ἡ
957 1170 1336 1273 ἀπόφασις
1389 1182 1518 1275 τῆς
1571 1178 1799 1272 δίκης(
1864 1196 1993 1248 nos
2062 1174 2173 1246 uti
2224 1196 2429 1269 posse
2480 1181 2665 1269 put0.
2764 1173 2956 1247 Idem

518 1296 810 1390 probare
862 1316 1004 1365 non
1055 1316 1369 1389 possum,
1427 1294 1609 1390 quod
1660 1293 1939 1368 Hubert
1990 1294 2167 1388 (1.1.)
2218 1317 2379 1391 pag.
2428 1294 2526 1366 40
2583 1294 2756 1366 dicit
2804 1301 2962 1392 ,τῆς

519 1416 774 1512 δίκηςί,
827 1437 986 1510 pag.
1022 1414 1122 1486 45
1173 1411 1626 1514 ,ἀπόᾳανσις
1670 1422 1799 1514 τῆς
1847 1417 2173 1513 διαίτηςί.
2225 1455 2326 1466 -

724 1533 1028 1606 Frustra
1078 1533 1305 1629 igitur
1357 1534 1623 1607 arbiter
1674 1541 2073 1626 curaverat,
2135 1540 2214 1606 ut
2266 1539 2569 1606 actorem
2622 1539 2691 1606 et
2741 1533 2956 1606 Theo·

517 1653 856 1749 phemum
892 1654 1078 1726 inter
1122 1676 1197 1726 se
1231 1654 1736 1727 reconciliaret.
1811 1653 2223 1748 Oportuisse
2257 1676 2421 1726 eum
2456 1654 2623 1726 dare
2659 1675 2963 1749 operam,

3152 579 3193 626 m

3154 795 3193 866 fn

518 1780 601 1846 ut
684 1772 1054 1870 litigantes
1135 1774 1657 1866 reconciliaret,
1735 1781 2029 1869 apparet
2111 1797 2200 1846 ex
2266 1773 2677 1847 Aristotelis
2750 1772 2955 1846 libri:
3071 1822 3077 1828 .
3160 1775 3198 1836 ,32

517 1890 791 1991 ,Ἀθηια
841 1897 1026 1966 :rolf
1080 1895 1310 1988 capite
1361 1893 1536 1967 LIII
1589 1917 1656 1965 V.
1713 1893 1754 1965 7
1778 1918 1792 1964 :
1862 1891 1990 1966 ἐὰν
2045 1891 2149 1992 μὴ
2204 1889 2565 1966 δύνωνται
2613 1895 2960 1965 διαλῦσαι

518 2014 698 2107 (scil.
751 2013 1046 2104 arbitri).

723 2133 901 2206 Cum
966 2132 1194 2230 igitur
1258 2133 1338 2205 in
1405 2155 1482 2206 eo
1548 2138 1757 2224 esset,
1820 2138 1902 2204 ut
1962 2131 2225 2204 arbiter
2289 2131 2368 2204 in
2420 2131 2680 2204 actoris
2734 2153 2965 2205 causa

514 2251 950 2348 Theophemo
1000 2253 1276 2326 intenta
1324 2252 1673 2325 iudicium
1724 2251 1906 2325 ferre
1958 2251 2191 2344 vellet,
2242 2250 2282 2324 ὁ
2343 2251 2723 2352 Θεόφημος
2775 2279 2962 2350 παρ-

515 2369 857 2471 εγράφετο
927 2377 1050 2445 καὶ
1117 2369 1530 2466 ὑπώμνυτο.
1662 2371 1857 2460 Quae
1927 2371 2179 2464 verba,
2257 2371 2427 2466 quid
2500 2371 2641 2445 sibi
2711 2370 2966 2460 velint,

448 2511 452 2520 ·
515 2491 661 2563 viri
714 2490 894 2564 docti
947 2489 1394 2564 dissentiunt.

723 2614 831 2684 Ac
884 2610 1189 2685 Schulze
1243 2612 1353 2705 (cf.
1405 2612 1449 2685 l.
1501 2613 1546 2686 l.
1597 2636 1759 2709 pag.
1815 2612 1938 2704 20)
2000 2612 2282 2708 quidem
2330 2592 2740 2685 'recordatus
2792 2612 2959 2685 Pol-

519 2732 704 2805 lucis
757 2731 978 2804 verba
1031 2731 1275 2825 (VIII,
1325 2732 1458 2827 58)
1510 2733 1879 2806 existimat
1929 2732 2455 2828 Theophemum
2508 2739 2960 2837 παραγραφῇ

522 2876 660 2925 sua.
691 2852 1290 2925 demonstravisse
1329 2874 1402 2924 se
1438 2852 1916 2949 antigraphen
1951 2852 2361 2944 intendisse,
2409 2875 2627 2947 quam
2672 2852 2755 2924 ob
2806 2873 2962 2923 rem

519 2995 634 3045 res
672 2971 1029 3045 contraria
1065 2993 1206 3043 non
1242 2971 1391 3044 iam
1428 2972 1549 3067 agi
1585 2978 1837 3067 posset.
1940 2970 2076 3045 Sed
2128 2972 2312 3044 mihi
2360 2972 2642 3071 quidem
2692 2971 2964 3043 rectius

520 3091 836 3165 iudicare
887 3091 1171 3164 videtur
1205 3091 1522 3185 Platner,
1572 3115 1735 3165 cum
1788 3091 1979 3164 dicat
2031 3091 2181 3186 (1.1.
2216 3090 2275 3184 I,
2322 3115 2483 3189 pag.
2524 3090 2699 3184 183)
2747 3090 2959 3165 haec:

520 3212 666 3304 ,das
714 3209 1233 3311 παρεγράψατο
1258 3209 1308 3305 ¹)
1381 3211 1788 3285 bezeichnet
1838 3211 2224 3307 unstreitig
2275 3212 2482 3285 einen
2528 3210 2969 3307 Einspruch,

521 3332 677 3403 eine
729 3330 1202 3405 Protestation
1253 3354 1482 3429 gegen
1533 3331 1645 3404 die
1696 3331 2107 3427 Erlassung
2158 3330 2279 3403 des
2330 3330 2649 3425 Urthels,
2718 3329 2961 3403 indem

523 3450 680 3551 sich
753 3450 1362 3525 wahrscheinlich
1424 3450 1914 3546 Theophemus
1988 3450 2249 3523 darauf
2310 3450 2559 3544 berief,
2630 3450 2798 3523 dass
2883 3474 2964 3523 er

521 3593 764 3667 wegen
819 3570 1290 3643 obwaltender
1340 3570 1813 3643 Hindernisse
1867 3570 2023 3643 sein
2074 3569 2499 3643 rechtliches
2536 3570 2955 3666 Anbringen

521 3692 600 3762 in
639 3690 942 3764 Absicht
996 3689 1126 3762 auf
1171 3688 1486 3762 Beweisc
1533 3690 1679 3763 und
1730 3688 2240 3763 Beweismittel
2290 3690 2474 3763 noch
2526 3689 2729 3762 nicht
2772 3689 2958 3761 voll-

523 3809 808 3907 standig
869 3809 1052 3883 habe
1121 3809 1517 3882 ausfiihren
1585 3810 1903 3903 konnen,
1984 3809 2154 3883 dass
2224 3809 2487 3882 mithin
2551 3808 2661 3881 die
2729 3807 2962 3883 Sache

521 3930 700 4003 noch
767 3930 970 4002 nieht
1037 3929 1442 4025 spruchreif
1507 3930 1644 4003 sei.‘
1774 3928 1966 4003 Nam
2037 3953 2073 4001 e
2140 3928 2458 4002 Pollucis
2526 3928 2765 4023 (VIII,
2830 3930 2957 4023 60)

521 4050 778 4145 verbiS,
843 4073 1025 4145 quae
1095 4055 1296 4123 sunt:
1365 4049 1439 4151 ,ἡ
1491 4053 1567 4124 δὲ
1620 4046 1722 4149 μὴ
1780 4038 1970 4124 οὖσα
2020 4052 2181 4149 dem]
2236 4046 2468 4139 οὕτως
2522 4046 2956 4145 ὠνομάζετο,

521 4168 800 4244 ὁπόταν
870 4198 980 4260 τις
1043 4165 1245 4270 παρὰ
1309 4171 1719 4269 διαιτηταῖς
1786 4165 2461 4270 παραγραψάμενος
2514 4173 2638 4243 καὶ
2683 4168 2963 4266 ὑπομο-

695 4424 734 4493 ¹)
768 4424 833 4481 in
868 4422 1146 4483 orationis
1182 4426 1466 4483 contextu
1501 4426 1723 4482 exstat:
1763 4422 2177 4503 παρεγράφετο.
