3200 5150
1507 401 2014 474 „12-

535 627 675 678 mon
747 605 898 678 nisi
965 605 1047 678 de
1115 606 1404 679 arbitris
1473 607 1785 702 privatis
1854 606 1931 676 in
2001 629 2141 678 usu
2192 611 2345 678 erat
2367 602 2435 700 ¹),
2502 605 2585 678 cf.
2640 611 2809 678 orat.
2860 633 2982 704 πρ.

535 722 870 799 Βοιωτὸν
922 754 994 798 π.
1045 753 1164 821 πρ.
1213 754 1424 825 μητρ.
1479 729 1521 818 ξ
1582 726 1698 819 16,
1764 749 1925 823 pag.
1984 725 2201 818 1013,
2252 749 2319 798 V.
2368 727 2456 798 4:
2532 730 2653 799 καὶ
2710 722 2787 798 τὸ
2841 731 2983 818 μὲν

530 851 828 944 πρῶτον
889 842 1552 944 παραγραψάμενοι
1606 844 1925 922 Σόλωνα
1974 844 2253 946 Ἑρχιέα
2310 843 2691 945 διαιτητὴν
2746 841 2981 941 τούτῳ

531 973 1032 1065 ἐπετριίραμεν
1083 962 1382 1038 δικάσαι
1435 970 1596 1064 περὶ
1649 959 1749 1039 (ὗν
1804 971 2274 1059 ἐνεκαλοῦμεν
2328 961 2684 1065 ἀλλήλοις.
2736 1005 2836 1018 -·-

741 1083 876 1158 Sed
909 1083 1397 1180 Theophemus
1435 1086 1695 1158 actoris
1732 1085 2088 1158 voluntati
2124 1087 2495 1158 obsecutus
2532 1107 2673 1158 non
2720 1091 2845 1176 est,
2896 1089 2983 1155 ut
3034 1147 3039 1152 .

531 1203 656 1306 hic
691 1212 1052 1302 cogeretur
1098 1205 1321 1277 aliam
1374 1206 1574 1278 Viam
1626 1205 1923 1302 ingredi,
1974 1212 2054 1278 ut
2106 1205 2223 1278 ius
2277 1205 2632 1278 obtineret.
2734 1203 2985 1276 Tradit

530 1323 763 1420 igitur
831 1347 1126 1398 causam
1195 1325 1675 1422 quadraginta
1726 1325 1930 1417 viriS,
2002 1325 2125 1420 qui
2177 1348 2326 1398 rem
2382 1325 2646 1398 arbitro
2697 1324 2981 1420 publico

528 1442 873 1516 deferunt.
1009 1443 1200 1516 Huic
1280 1445 1538 1518 actoris
1614 1446 1876 1518 actioni
1938 1444 2424 1540 Theophemus
2499 1443 2983 1542 antigraphen

529 1563 818 1658 opponit
853 1569 1158 1654 αἰκείας,
1213 1587 1370 1637 cum
1422 1565 1861 1638 contenderet
1916 1589 1990 1638 se
2044 1567 2134 1638 ab
2186 1571 2415 1638 actore
2466 1565 2771 1660 priorem
2822 1585 2983 1636 esse

534 1683 1002 1756 verberatum.
1127 1683 1321 1772 Quae
1393 1685 1573 1756 actio
1644 1685 1811 1756 item
1882 1692 1961 1757 ut
2031 1685 2289 1758 actoris
2366 1685 2629 1758 arbitro
2696 1683 2981 1780 publico

529 1802 770 1876 delata
837 1809 963 1895 est,
1031 1804 1236 1876 cuius
1289 1827 1544 1876 nomen
1597 1805 1778 1899 quod
1830 1804 2045 1876 fuerit
2098 1828 2241 1878 non
2288 1805 2679 1902 ignoratur.
2782 1801 2979 1875 Nam

531 1921 1012 2015 Pythodorum
1033 1923 1250 1996 Ceden
1261 1947 1429 2015 sem,
1453 1924 1577 2019 qui
1608 1925 2060 2020 paragrapho
2088 1925 2338 2020 quinta
2364 1928 2501 2021 (pg.
2530 1926 2567 1996 1
2582 1924 2747 2016 140,
2766 1947 2832 1994 V.
2853 1924 2890 1994 1
2904 1923 2981 2014 7)

530 2049 1134 2135 commemoratur,
1182 2043 1609 2140 Theophemi
1676 2067 1971 2118 causam
2037 2044 2568 2140 disceptandam
2622 2043 2982 2138 accepisse

529 2161 724 2236 haud
777 2161 983 2235 dubie
1037 2170 1330 2259 apparet
1380 2164 1562 2255 inde,
1624 2164 1805 2259 quod
1859 2164 2047 2259 apud
2098 2186 2261 2236 eum
2284 2159 2348 2258 2)
2416 2160 2873 2262 ,πρόκλησινζ
2932 2190 2978 2240 a

526 2281 968 2377 Theophemo
1003 2282 1270 2356 factam
1305 2306 1461 2356 esse
1496 2282 1824 2380 Euergus
1862 2291 1929 2356 et
1962 2283 2417 2356 Mnesibulus
2468 2284 2655 2378 apud
2704 2284 2977 2358 iudices

528 2401 774 2476 testati
843 2397 1105 2482 sunt3).
1227 2402 1380 2491 Qua
1452 2427 1528 2476 re
1595 2405 1772 2479 Aru.
1840 2401 2178 2476 Schaefer
2246 2404 2342 2477 sit
2410 2410 2826 2497 commotuS,
2894 2413 2978 2479 ut

527 2521 790 2595 diceret
825 2524 1010 2618 (pag.
1052 2523 1257 2615 197):
1311 2523 1797 2619 ,PythodoruS,
1848 2523 1969 2597 der
2004 2523 2115 2597 als
2152 2522 2389 2598 Diatet
2423 2524 2503 2597 in
2538 2525 2659 2597 der
2695 2525 2975 2622 Gegen-

529 2641 746 2738 klage
799 2666 890 2713 zu
927 2642 1256 2715 Gunstcn
1306 2667 1446 2716 Von
1497 2644 1975 2739 Theophemos
2028 2644 2425 2738 entschied‘,
2476 2667 2601 2741 ego
2654 2644 2977 2741 equidem

535 2785 679 2835 non
737 2761 1087 2859 intellego,
1209 2763 1437 2836 Immo
1504 2764 2027 2860 Theophemum
2093 2788 2137 2837 a
2204 2764 2606 2858 Pythodoro
2674 2765 2977 2839 diaeteta

529 2883 1072 2957 condemnatum
1128 2906 1282 2955 esse
1334 2883 1528 2956 infra
1578 2886 2005 2979 probaturus
2058 2906 2237 2957 sum.

736 3002 974 3100 Igitur
1005 3002 1491 3099 Theophemus
1528 3027 1800 3100 quoque
1850 3004 2069 3077 actori
2120 3003 2317 3076 litem
2368 3005 2806 3079 iniuriarum
2856 3006 2973 3078 in-

526 3123 772 3197 tendit.
890 3122 1200 3196 Causam
1267 3124 1589 3196 diaetetis
1658 3124 1995 3197 traditam
2060 3146 2217 3197 esse
2291 3139 2583 3221 apparet
2650 3152 2688 3200 e
2760 3151 2973 3225 para·

525 3242 830 3340 graphis
871 3244 915 3315 6
967 3246 1150 3340 (pag.
1193 3245 1409 3336 1141,
1443 3267 1511 3316 V.
1552 3244 1654 3337 1);
1716 3246 1809 3316 12
1854 3247 2037 3341 (pag.
2080 3244 2296 3337 1142,
2331 3268 2396 3317 V.
2436 3246 2596 3340 25);
2659 3249 2750 3320 15
2790 3251 2975 3344 (pag.

536 3363 752 3455 1143,
802 3386 869 3435 V.
910 3364 1069 3455 19);
1127 3364 1226 3436 45
1282 3366 1467 3461 (pag.
1526 3364 1743 3457 1153,
1795 3388 1859 3437 V.
1896 3366 2003 3457 4);
2061 3364 2157 3436 47
2214 3364 2403 3461 (pag.
2463 3368 2678 3459 1153,
2721 3390 2788 3440 V.
2830 3368 2973 3461 21).

735 3482 928 3571 Quae
980 3490 1132 3555 tum
1189 3490 1431 3556 secuta
1487 3492 1675 3575 sunt,
1726 3507 1809 3557 oa
1862 3506 2106 3581 parag.
2160 3486 2257 3559 45
2316 3484 2504 3582 (pag.
2546 3487 2762 3579 1153,
2812 3510 2881 3561 V.
2922 3490 2971 3561 3

524 3602 787 3699 proxx)
841 3602 1044 3675 nobis
1097 3610 1509 3696 narrantur,
1560 3604 1767 3676 cuius
1821 3603 2039 3677 Verba
2094 3611 2264 3677 sunt
2316 3604 2526 3679 haec:
2583 3632 2975 3706 αντιπροσ-

523 3726 1023 3817 καλεσαυένου
1091 3725 1166 3796 δὲ
1238 3720 1570 3797 κακείνου
1638 3731 1788 3819 ἐμέ,
1857 3728 1978 3797 καὶ
2028 3728 2423 3823 διαιτητῶν
2476 3724 2785 3819 ἐχόντων
2840 3724 2974 3818 τὰς

531 3847 761 3933 ὸίκας,
833 3838 1078 3942 ἐπειδὴ
1145 3872 1192 3942 η
1247 3840 1625 3943 απόφασις
1676 3846 1767 3944 ἠν
1822 3850 1952 3944 τῆς
2006 3847 2231 3943 (δίκης,
2306 3844 2344 3918 ὁ
2399 3852 2536 3940 μὲν
2594 3843 2974 3946 Θεόφημος

705 4018 743 4085 ¹)
780 4017 852 4075 cf.
878 4017 1132 4078 Huberti
1154 4018 1304 4089 libri,
1341 4019 1446 4089 qui
1479 4024 1572 4079 est
1608 4018 1683 4079 de
1716 4019 1951 4079 arbitris
1975 4020 2192 4079 Atticis
2227 4025 2287 4079 et
2320 4021 2454 4091 priv
2454 4022 2569 4083 atis
2605 4027 2666 4082 et
2700 4022 2973 4093 publicis,

523 4103 689 4175 Lips.
725 4102 876 4174 1885,
911 4121 1043 4174 pag.
1076 4105 1114 4164 8
1147 4122 1234 4175 sq.

700 4188 744 4258 ²)
783 4189 922 4268 πρὸς
967 4214 1040 4248 τω
1097 4192 1275 4249 ὄαιτ
1249 4215 1349 4271 1τ1
1406 4190 1747 4269 Πυθοδώρῳ
1798 4199 1856 4249 ἐκ
1910 4192 2115 4263 Κηδον
2162 4193 2285 4262 ξ5,
2329 4208 2461 4263 pag.
2506 4194 2643 4253 1140
2688 4211 2743 4250 V
2780 4194 2849 4251 16
2884 4210 2975 4265 Sq

530 4288 743 4437 Κηδοῆ
779 4281 1819 4443 ἕξείιέἓῐὶῒῐῗξῐῗίὃοᾟέῗὲὴὲὴῗξὲῗῌῶ,
1853 4370 2072 4440 3Sqq-:
2112 4370 2496 4451 ἐμαρτύρησαν
2471 4375 2579 4431 νδὲ
2598 4375 2664 4431 ,Eo
2646 4370 2977 4453 tpaq'npeg

522 4470 682 4525 οὑτοι
723 4460 793 4531 ὥς
832 4468 1024 4522 ἐθέλοι
1065 4466 1419 4542 παραδοῦναι
1465 4464 1765 4541 Θεόφημος
1804 4468 1896 4523 καὶ
1938 4462 2242 4543 πρόκλησιν
2273 4488 2434 4543 προκι
2422 4472 2547 4524 ιῖιλο
2550 4490 2607 4523 ιο
