3200 5150
1440 419 1951 490 -20-...

475 633 767 716 nerunt,
845 645 1084 696 secum
1167 630 1732 720 asportaverunt.
1849 623 2299 696 Putaverunt
2376 627 2615 694 autem
2688 619 2924 692 multa

475 743 688 838 plura
763 766 838 816 se
911 766 1068 816 esse
1140 751 1561 838 recepturos,
1694 742 2071 816 Praeterea
2148 762 2583 836 quamquam
2656 737 2921 812 actoris

475 885 673 954 uxor,
738 884 918 958 quae
983 861 1162 934 forto
1234 884 1398 934 cum
1473 862 1721 936 liberis
1786 871 1855 936 et
1927 861 2203 934 nutrice
2277 858 2537 933 actoris
2602 858 2684 930 in
2747 856 2921 931 aula.

476 982 894 1076 prandebat,
974 981 1139 1054 illos
1211 989 1535 1058 vetuerat
1606 1005 1779 1055 suas
1845 1005 1961 1055 res
2030 981 2373 1077 arripere,
2459 977 2697 1051 verbis
2764 977 2924 1050 eius

475 1101 817 1198 neglectis
854 1101 1085 1174 multa
1121 1107 1454 1197 ceperunt
1487 1108 1557 1174 et
1607 1101 1977 1194 nutricem,
2028 1123 2192 1174 011111
2244 1107 2563 1195 pateram
2614 1097 2695 1170 in
2748 1098 2923 1170 sinu

475 1220 826 1293 occultare
889 1220 1123 1313 vellet,
1189 1231 1641 1294 vexaverunt
1692 1229 1759 1294 et
1810 1223 2384 1312 verberaverunt,
2448 1219 2662 1292 donec
2713 1216 2925 1290 illam

473 1349 794 1436 pateram
844 1341 1249 1436 reciperent.

680 1461 822 1533 Hic
857 1460 1230 1534 dicendum
1265 1467 1374 1534 est
1425 1460 1508 1532 de
1559 1459 1709 1534 loco
1762 1460 2084 1555 quodam,
2134 1459 2259 1554 qui
2316 1457 2495 1532 satis
2550 1456 2927 1553 expeditus

476 1605 631 1654 esse
702 1580 885 1652 mihi
955 1603 1094 1652 non
1161 1579 1460 1653 videtur.
1579 1582 1799 1652 Actor
1864 1587 2241 1675 postquam
2306 1579 2586 1652 locutus
2658 1587 2766 1653 est
2836 1578 2923 1652 de

474 1701 770 1793 nutrice,
839 1723 1020 1794 quac
1084 1723 1248 1772 cum
1316 1700 1452 1792 vir,
1513 1723 1814 1795 quocum
1869 1699 2319 1772 matrimonio
2373 1699 2620 1772 iuncta
2670 1699 2933 1792 fuerat,

474 1827 796 1892 mortuus
865 1825 1070 1912 esset,
1143 1819 1404 1893 actoris
1468 1819 1546 1892 in
1614 1820 1897 1892 domum
1948 1817 2379 1911 revertisset,
2443 1819 2676 1916 pergit
2724 1818 2928 1892 1111110

472 1940 550 2011 111
588 1939 904 2012 modum:
947 1937 1342 2031 ἀναγκαῖον
1374 1927 1508 2013 οὖν
1551 1930 1636 2040 ἦν
1670 1936 1775 2040 μὴ
1811 1941 2156 2038 περιιδεῖν
2190 1941 2445 2030 ἐνδεεῖς
2480 1937 2703 2028 ὄντας
2735 1936 2923 2040 μήτε

476 2056 746 2160 τιτθὴν
801 2055 982 2160 ἐμὴν
1037 2066 1426 2158 γενομένην
1484 2056 1665 2159 μήτε
1717 2055 2178 2150 παιδαγωγόν
2231 2061 2305 2161 (ἐ
2359 2058 2478 2152 56,
2527 2081 2595 2132 V.
2644 2059 2694 2130 4
2732 2059 2934 2154 sqq.)-

475 2179 668 2267 Quae
731 2178 1013 2273 quidem
1082 2181 1304 2252 verba
1353 2178 1735 2252 Darestius
1796 2177 2013 2252 vertit
2079 2177 2273 2250 hunc
2325 2178 2405 2250 in
2458 2178 2779 2252 modum:
2846 2179 2933 2272 je

473 2322 562 2371 ne
629 2299 931 2394 pouvais
993 2300 1355 2373 vraiment
1419 2321 1552 2394 pas
1607 2298 1871 2372 laisser
1920 2297 2105 2370 dans
2156 2297 2225 2370 10
2277 2298 2521 2371 besoin
2572 2298 2745 2372 celle
2797 2299 2933 2393 qui

475 2402 688 2490 avait
740 2419 844 2491 ete
907 2442 1028 2492 ma
1089 2418 1434 2511 nourrice,
1501 2419 1582 2490 ni
1648 2409 1918 2490 oublier
1984 2418 2169 2489 celui
2230 2417 2355 2513 qui
2424 2418 2627 2492 avait
2680 2418 2935 2514 soigne

477 2561 642 2611 mon
711 2538 1024 2614 enfance.
1143 2538 1278 2613 Sed
1347 2537 1516 2633 quid
1583 2538 1723 2613 sibi
1775 2538 1937 2610 vult
2002 2537 2135 2610 1100
2194 2537 2343 2613 1000
2404 2535 2931 2629 παιδαγωγόςῖ)

474 2659 720 2755 Neque
773 2659 1344 2733 antecedentibus
1411 2681 1638 2753 neque
1700 2657 2156 2753 sequentibus
2226 2659 2465 2731 verbis
2534 2660 2933 2756 paedagogi

473 2779 734 2853 mentio
784 2780 887 2851 fit.
984 2777 1282 2851 Falsum
1353 2778 1580 2875 igitur
1646 2802 1801 2851 esse
1856 2777 2266 2849 Darestium
2339 2779 2670 2852 existimo
2736 2780 2927 2873 quod

473 2902 692 2973 verba
759 2899 985 2972 allata
1048 2898 1261 2971 illum
1334 2898 1414 2971 111
1487 2899 1772 2971 modum
1846 2897 2079 2970 vertit.
2216 2901 2332 2970 An
2405 2899 2708 2994 pertinet
2780 2920 2935 2971 vox

476 3015 935 3109 παιδαγωγός
1009 3018 1096 3091 ad
1163 3018 1570 3091 nutricem?
1675 3018 1854 3091 Tum
1917 3017 2110 3090 haud
2176 3018 2383 3091 dubie
2450 3042 2574 3115 pro
2642 3022 2932 3108 ,ἐνδεεῖς

475 3136 720 3227 ὄντας(
801 3138 1071 3233 plurali
1152 3137 1382 3211 forma
1465 3138 1838 3211 scribenda
1921 3143 2106 3210 esset
2191 3137 2419 3211 forma
2504 3137 2941 3234 singulariS,

474 3258 547 3329 id
626 3258 805 3352 quod
879 3256 969 3329 H.
1039 3256 1348 3330 Wolfius
1425 3266 1494 3331 et
1558 3257 1913 3355 Scagerus
1988 3265 2389 3330 suaserunt.
2552 3257 2685 3331 Sed
2758 3280 2931 3331 cum

473 3378 694 3450 verba
747 3380 1002 3467 ἐνδεεῖς
1053 3376 1274 3467 ὄντας
1325 3401 1480 3450 0000
1535 3386 1866 3473 corrupta
1903 3376 2086 3449 mihi
2135 3400 2276 3450 non
2321 3378 2718 3470 videantur,
2768 3378 2927 3449 exi-

407 3510 416 3517 ·
480 3498 918 3570 stimandum
955 3503 1064 3569 est
1096 3520 1338 3569 vocem
1386 3496 1900 3589 ,naaeoaywyo'g‘
1951 3519 2095 3568 non
2145 3497 2493 3594 pertinere
2546 3498 2635 3570 ad
2688 3497 2936 3570 nutri-

476 3641 643 3690 cem.
745 3616 1122 3690 Praeterea
1175 3640 1304 3691 cur
1357 3618 1676 3692 additum
1728 3624 1837 3689 est
1896 3616 2141 3689 verbis
2197 3614 2465 3716 τιτθὴν
2518 3613 2699 3717 ἐμήν
2752 3640 2924 3712 par-

466 3738 799 3833 ticipium
871 3739 1309 3836 γενομένηνῬ
1429 3738 1623 3826 Quae
1701 3736 2177 3811 consideranti
2260 3736 2442 3809 mihi
2515 3736 2640 3809 ille
2721 3737 2933 3810 locus

475 3865 847 3952 corruptus
885 3879 1040 3929 0000
1075 3857 1373 3930 videtur.
1467 3860 1721 3953 Atque,
1755 3865 1835 3930 ut
1872 3880 2117 3930 sanem
2152 3856 2405 3949 locum,
2439 3856 2929 3952 proposuerim

473 4000 853 4073 pronomen
933 3974 1114 4076 ἐμήν
1207 4001 1244 4049 0
1325 3984 1656 4050 contextu
1748 3978 2025 4069 eiicere,
2116 3977 2296 4072 quod
2378 3976 2559 4049 mihi
2642 3976 2939 4049 videtur·

473 4098 850 4193 irrepsisse
933 4120 1022 4169 ex
1103 4097 1342 4171 verbis
1435 4096 2037 4188 antecedentibus,
2134 4120 2315 4192 quae
2404 4105 2574 4169 sunt
2660 4098 2733 4191 (ξ,
2805 4098 2939 4191 55,

475 4241 635 4314 pag.
693 4218 911 4309 1155,
963 4241 1028 4289 V.
1081 4217 1179 4290 26
1229 4216 1385 4311 sq.):
1447 4215 1670 4317 arth}
1726 4247 1837 4309 τις
1886 4214 2025 4318 ἐμὴ
2078 4228 2444 4317 γενομένη.
2548 4216 2777 4304 Quam
2832 4217 2929 4289 ad

477 4336 902 4410 sententiam
955 4336 1294 4432 perducor
1343 4337 1480 4411 hac
1516 4360 1786 4433 quoque
1821 4360 2064 4430 causa,
2116 4337 2294 4432 quod
2333 4337 2471 4409 cod.
2577 4334 2627 4409 S
2662 4336 2935 4409 omittit

475 4454 676 4556 ἐμήν.
754 4456 948 4529 Voce
985 4457 1166 4559 ἐμήν
1195 4481 1231 4531 0
1261 4466 1458 4530 textu
1485 4458 1713 4532 eiecta
1733 4458 2089 4553 generalis
2130 4480 2385 4529 sensus
2422 4457 2609 4529 inest
2645 4455 2927 4529 verbis:
