3200 5150
451 2003 906 2164 Orationem,
941 2094 1120 2167 quae
1159 2073 1292 2145 sub
1320 2071 1818 2159 Demosthenis
1856 2073 2139 2145 nomine
2176 2071 2692 2170 circumfertur,

233 2188 589 2262 adversus
657 2189 1021 2288 Euergum
1110 2199 1178 2264 et
1246 2191 1738 2264 Mnesibulum
1819 2191 2142 2265 habitam
2222 2215 2464 2267 omnes
2545 2195 2689 2269 fere

237 2308 651 2382 recentioris
712 2310 1046 2406 temporis
1112 2311 1259 2384 viri
1310 2310 1493 2384 docti
1543 2311 1707 2384 inde
1762 2312 1851 2384 ab
1902 2309 2189 2384 Hieron.
2239 2311 2497 2386 Wolfio
2550 2314 2687 2388 De-

236 2428 596 2502 mostheni
665 2419 1270 2505 abiudicaveruntss
1374 2432 1533 2505 Iam
1585 2430 2055 2527 Harpocratio
2115 2431 2322 2505 illam
2392 2435 2481 2506 ab
2548 2434 2687 2508 alio

235 2556 512 2624 oratore
565 2573 720 2623 esse
773 2551 1160 2626 confectam
1215 2551 1628 2649 suspicatus
1677 2558 1802 2645 est,
1853 2575 2287 2649 quamquam
2337 2553 2521 2627 falso
2557 2553 2684 2629 Di-

238 2669 511 2744 narcho
563 2693 720 2742 eam
775 2671 1193 2746 vindicavit.

427 2788 535 2862 Ἠ.
588 2788 789 2862 Wolf
836 2791 918 2864 de
971 2792 1284 2865 oratione
1335 2790 1507 2864 dicit
1566 2790 1781 2865 haec:
1859 2814 2105 2889 ,genus
2160 2792 2500 2867 orationis
2552 2819 2683 2867 va-

239 2932 412 3006 gum
470 2916 680 3005 atque
730 2910 984 2984 laxum
1037 2916 1161 2986 καὶ
1209 2908 1474 2986 ὕπτιον
1525 2915 1632 3007 (ut
1686 2910 1943 2985 Graeci
1995 2913 2277 3003 vocant)
2331 2918 2455 2987 καὶ
2506 2912 2684 2987 ἅνα-

235 3033 680 3129 βεβλημένον
730 3038 799 3103 et
851 3035 958 3127 (ut
1009 3030 1192 3103 mihi
1243 3031 1527 3127 quidem
1579 3030 1886 3122 videtur)
1940 3030 2236 3103 minime
2270 3031 2681 3107 Demosthe-

239 3149 486 3223 nicum
539 3155 647 3221 est
699 3174 783 3223 ac
836 3151 1075 3247 potius
1125 3152 1501 3225 molestum
1554 3158 1622 3225 et
1672 3150 2162 3224 inamoenum.‘

447 3272 552 3342 Ac
585 3292 662 3342 re
698 3293 870 3344 vera
916 3272 1146 3345 multa
1197 3273 1416 3344 verba
1465 3268 1978 3366 'verborumque
2032 3275 2451 3364 structurae,
2502 3294 2681 3367 quae

235 3387 313 3461 in
381 3389 697 3462 oratione
763 3390 1110 3464 adversus
1161 3389 1524 3489 Euergum
1593 3396 1660 3462 et
1710 3388 2201 3463 Mnesibulum
2259 3389 2509 3464 habita
2556 3414 2679 3464 ex-

231 3514 454 3601 stant,
501 3514 863 3606 totumque
913 3511 1268 3585 scribendi
1319 3532 1547 3608 genus
1603 3534 1647 3583 a
1682 3509 2151 3584 Demosthene
2204 3516 2375 3583 sunt
2426 3510 2684 3604 aliena,

238 3634 319 3700 ut
381 3651 660 3703 summo
726 3630 882 3702 iure
933 3629 1391 3704 Demostheni
1453 3629 1860 3704 abiudicata
1914 3631 2026 3703 sit.
2129 3630 2379 3725 Itaque
2433 3654 2678 3727 super-

233 3748 607 3823 sedeamus
677 3772 886 3845 opera
955 3750 1362 3824 accuratius
1437 3748 1659 3823 huius
1732 3749 1838 3821 rei
1906 3749 2408 3845 explorandae,
2476 3775 2678 3847 prae-

238 3869 485 3942 sertim
522 3891 685 3942 cum
723 3891 964 3942 omnes
1013 3869 1157 3942 fere
1209 3869 1354 3941 viri
1406 3868 1588 3941 docti
1642 3869 2023 3943 orationem
2080 3868 2471 3967 genuinam
2524 3894 2678 3945 esse

234 3995 511 4085 negent.

443 4105 577 4181 Sed
611 4107 1102 4205 prolegomena
1151 4109 1239 4181 ad
1293 4130 1448 4183 eam
1504 4107 1841 4182 constitui
1892 4108 2329 4183 conscribere
2382 4110 2465 4183 ob
2517 4133 2675 4183 eam

232 4249 553 4321 causam,
620 4227 799 4323 quod
863 4228 1134 4301 multas
1203 4229 1487 4324 praebet
1547 4227 2009 4301 difficultates
2076 4228 2163 4301 ad
2213 4228 2396 4300 iuris
2452 4230 2677 4303 Attici

232 4346 613 4419 scientiam
676 4347 1157 4442 pertinenteS,'
1195 4370 1377 4442 quae
1440 4348 1754 4421 nondum
1818 4349 1998 4421 satis
2053 4347 2413 4443 expeditae
2468 4372 2675 4449 saepe

231 4462 390 4539 sola
445 4465 846 4539 coniectura
898 4466 1247 4563 explicari
1298 4489 1502 4562 posse
1555 4466 1737 4540 mihi
1789 4466 2139 4541 videntur.
