<?xml version="1.0" encoding="UTF-8"?>
<!DOCTYPE html PUBLIC "-//W3C//DTD XHTML 1.0 Transitional//EN"
    "http://www.w3.org/TR/xhtml1/DTD/xhtml1-transitional.dtd">
<html xmlns="http://www.w3.org/1999/xhtml" xml:lang="en" lang="en">
 <head>
  <title>
</title>
<meta http-equiv="Content-Type" content="text/html;charset=utf-8" />
  <meta name='ocr-system' content='tesseract 3.04.00' />
  <meta name='ocr-capabilities' content='ocr_page ocr_carea ocr_par ocr_line ocrx_word'/>
</head>
<body>
  <div class='ocr_page' id='page_1' title='image "./prolegomenainde00preigoog_0014.png"; bbox 0 0 3200 5150; ppageno 0'>
   <div class='ocr_carea' id='block_1_1' title="bbox 1518 380 2026 453">
    <p class='ocr_par' dir='ltr' id='par_1_1' title="bbox 1518 380 2026 453">
     <span class='ocr_line' id='line_1_1' title="bbox 1518 380 2026 453; baseline 0 -19"><span class='ocrx_word' id='word_1_1' title='bbox 1518 380 2026 453; x_wconf 49' lang='lat'>*10-</span> 
     </span>
    </p>
   </div>
   <div class='ocr_carea' id='block_1_2' title="bbox 481 582 3013 3681">
    <p class='ocr_par' dir='ltr' id='par_1_2' title="bbox 481 582 3013 3681">
     <span class='ocr_line' id='line_1_2' title="bbox 551 582 2998 682; baseline -0.002 -22"><span class='ocrx_word' id='word_1_2' title='bbox 551 586 889 682; x_wconf 89' lang='lat' dir='ltr'><strong>cuiquam</strong></span> <span class='ocrx_word' id='word_1_3' title='bbox 920 588 1443 675; x_wconf 54' lang='grc' dir='ltr'><em>,διαδικασίαν</em></span> <span class='ocrx_word' id='word_1_4' title='bbox 1464 582 1523 680; x_wconf 85' lang='lat'><strong>¹)</strong></span> <span class='ocrx_word' id='word_1_5' title='bbox 1569 584 1999 676; x_wconf 80' lang='lat' dir='ltr'>instituerat,</span> <span class='ocrx_word' id='word_1_6' title='bbox 2052 583 2172 657; x_wconf 83' lang='lat' dir='ltr'><strong>sed</strong></span> <span class='ocrx_word' id='word_1_7' title='bbox 2222 583 2566 657; x_wconf 86' lang='lat' dir='ltr'><strong>iudicium</strong></span> <span class='ocrx_word' id='word_1_8' title='bbox 2622 589 2869 656; x_wconf 90' lang='lat' dir='ltr'><strong>contra</strong></span> <span class='ocrx_word' id='word_1_9' title='bbox 2922 605 2998 656; x_wconf 89' lang='lat' dir='ltr'><strong>se</strong></span> 
     </span>
     <span class='ocr_line' id='line_1_3' title="bbox 549 700 2996 802; baseline -0.002 -24"><span class='ocrx_word' id='word_1_10' title='bbox 549 705 723 778; x_wconf 84' lang='lat' dir='ltr'><strong>ferri</strong></span> <span class='ocrx_word' id='word_1_11' title='bbox 788 728 1051 802; x_wconf 84' lang='lat' dir='ltr'><strong>passus</strong></span> <span class='ocrx_word' id='word_1_12' title='bbox 1124 712 1304 799; x_wconf 86' lang='lat' dir='ltr'><strong>erat,</strong></span> <span class='ocrx_word' id='word_1_13' title='bbox 1373 705 1847 779; x_wconf 88' lang='lat' dir='ltr'><strong>nihilominus</strong></span> <span class='ocrx_word' id='word_1_14' title='bbox 1915 703 2148 777; x_wconf 85' lang='lat' dir='ltr'><strong>debita</strong></span> <span class='ocrx_word' id='word_1_15' title='bbox 2214 726 2357 776; x_wconf 89' lang='lat' dir='ltr'><strong>non</strong></span> <span class='ocrx_word' id='word_1_16' title='bbox 2422 702 2738 776; x_wconf 83' lang='lat' dir='ltr'><strong>reddidit.</strong></span> <span class='ocrx_word' id='word_1_17' title='bbox 2862 700 2996 776; x_wconf 85' lang='lat' dir='ltr'><strong>Sed</strong></span> 
     </span>
     <span class='ocr_line' id='line_1_4' title="bbox 551 815 2999 922; baseline -0.002 -24"><span class='ocrx_word' id='word_1_18' title='bbox 551 826 863 922; x_wconf 90' lang='lat' dir='ltr'><strong>primum</strong></span> <span class='ocrx_word' id='word_1_19' title='bbox 898 815 1316 921; x_wconf 84' lang='lat' dir='ltr'><strong>Aphareum</strong></span> <span class='ocrx_word' id='word_1_20' title='bbox 1349 824 1484 898; x_wconf 90' lang='lat' dir='ltr'><strong>illa</strong></span> <span class='ocrx_word' id='word_1_21' title='bbox 1519 825 1760 898; x_wconf 87' lang='lat' dir='ltr'><strong>debere</strong></span> <span class='ocrx_word' id='word_1_22' title='bbox 1812 823 2184 916; x_wconf 82' lang='lat' dir='ltr'><strong>contendit,</strong></span> <span class='ocrx_word' id='word_1_23' title='bbox 2235 830 2311 896; x_wconf 87' lang='lat' dir='ltr'><strong>at</strong></span> <span class='ocrx_word' id='word_1_24' title='bbox 2363 822 2614 918; x_wconf 88' lang='lat' dir='ltr'><strong>culpae</strong></span> <span class='ocrx_word' id='word_1_25' title='bbox 2666 822 2999 896; x_wconf 86' lang='lat' dir='ltr'><strong>conscius</strong></span> 
     </span>
     <span class='ocr_line' id='line_1_5' title="bbox 551 943 2999 1040; baseline -0.002 -23"><span class='ocrx_word' id='word_1_26' title='bbox 551 945 753 1019; x_wconf 89' lang='lat' dir='ltr'><strong>litem</strong></span> <span class='ocrx_word' id='word_1_27' title='bbox 815 945 884 1017; x_wconf 90' lang='lat' dir='ltr'><strong>ei</strong></span> <span class='ocrx_word' id='word_1_28' title='bbox 933 967 1076 1018; x_wconf 90' lang='lat' dir='ltr'><strong>non</strong></span> <span class='ocrx_word' id='word_1_29' title='bbox 1127 943 1461 1018; x_wconf 79' lang='lat' dir='ltr'><strong>instituit.</strong></span> <span class='ocrx_word' id='word_1_30' title='bbox 1561 946 1673 1018; x_wconf 87' lang='lat' dir='ltr'><strong>Ac</strong></span> <span class='ocrx_word' id='word_1_31' title='bbox 1726 951 1967 1040; x_wconf 84' lang='lat' dir='ltr'><strong>postea</strong></span> <span class='ocrx_word' id='word_1_32' title='bbox 2018 943 2301 1017; x_wconf 91' lang='lat' dir='ltr'><strong>demum</strong></span> <span class='ocrx_word' id='word_1_33' title='bbox 2352 965 2429 1016; x_wconf 92' lang='lat' dir='ltr'><strong>eo</strong></span> <span class='ocrx_word' id='word_1_34' title='bbox 2477 950 2802 1039; x_wconf 87' lang='lat' dir='ltr'><strong>tempore,</strong></span> <span class='ocrx_word' id='word_1_35' title='bbox 2862 965 2999 1037; x_wconf 88' lang='lat' dir='ltr'><strong>quo</strong></span> 
     </span>
     <span class='ocr_line' id='line_1_6' title="bbox 555 1062 3001 1158; baseline -0.002 -20"><span class='ocrx_word' id='word_1_36' title='bbox 555 1067 776 1139; x_wconf 89' lang='lat' dir='ltr'><strong>oratio</strong></span> <span class='ocrx_word' id='word_1_37' title='bbox 828 1063 1078 1138; x_wconf 84' lang='lat' dir='ltr'><strong>habita</strong></span> <span class='ocrx_word' id='word_1_38' title='bbox 1129 1071 1255 1158; x_wconf 91' lang='lat' dir='ltr'><strong>est,</strong></span> <span class='ocrx_word' id='word_1_39' title='bbox 1305 1063 1730 1137; x_wconf 82' lang='lat' dir='ltr'><strong>Demochari</strong></span> <span class='ocrx_word' id='word_1_40' title='bbox 1797 1064 1933 1137; x_wconf 88' lang='lat' dir='ltr'><strong>illa</strong></span> <span class='ocrx_word' id='word_1_41' title='bbox 1984 1087 2061 1136; x_wconf 90' lang='lat' dir='ltr'><strong>se</strong></span> <span class='ocrx_word' id='word_1_42' title='bbox 2113 1063 2387 1136; x_wconf 86' lang='lat' dir='ltr'><strong>dedisse</strong></span> <span class='ocrx_word' id='word_1_43' title='bbox 2436 1062 2620 1135; x_wconf 87' lang='lat' dir='ltr'><strong>dixit</strong></span> <span class='ocrx_word' id='word_1_44' title='bbox 2670 1062 3001 1157; x_wconf 88' lang='lat' dir='ltr'><strong>filiosque</strong></span> 
     </span>
     <span class='ocr_line' id='line_1_7' title="bbox 556 1182 2999 1282; baseline -0.002 -24"><span class='ocrx_word' id='word_1_45' title='bbox 556 1186 710 1258; x_wconf 90' lang='lat' dir='ltr'><strong>eius</strong></span> <span class='ocrx_word' id='word_1_46' title='bbox 766 1185 1155 1258; x_wconf 87' lang='lat' dir='ltr'><strong>accusavit.</strong></span> <span class='ocrx_word' id='word_1_47' title='bbox 1255 1185 1475 1257; x_wconf 86' lang='lat' dir='ltr'><strong>Actor</strong></span> <span class='ocrx_word' id='word_1_48' title='bbox 1539 1184 1784 1282; x_wconf 89' lang='lat' dir='ltr'><strong>igitur,</strong></span> <span class='ocrx_word' id='word_1_49' title='bbox 1850 1206 2013 1258; x_wconf 90' lang='lat' dir='ltr'><strong>cum</strong></span> <span class='ocrx_word' id='word_1_50' title='bbox 2079 1183 2354 1256; x_wconf 85' lang='lat' dir='ltr'><strong>frustra</strong></span> <span class='ocrx_word' id='word_1_51' title='bbox 2414 1182 2649 1255; x_wconf 87' lang='lat' dir='ltr'><strong>debita</strong></span> <span class='ocrx_word' id='word_1_52' title='bbox 2715 1182 2999 1279; x_wconf 81' lang='lat' dir='ltr'><strong>exigere</strong></span> 
     </span>
     <span class='ocr_line' id='line_1_8' title="bbox 549 1287 3001 1402; baseline -0.002 -23"><span class='ocrx_word' id='word_1_53' title='bbox 549 1287 855 1379; x_wconf 46' lang='lat' dir='ltr'><strong>&#39;conatus</strong></span> <span class='ocrx_word' id='word_1_54' title='bbox 923 1311 1127 1397; x_wconf 88' lang='lat' dir='ltr'><strong>esset,</strong></span> <span class='ocrx_word' id='word_1_55' title='bbox 1193 1304 1382 1398; x_wconf 84' lang='lat' dir='ltr'><strong>apud</strong></span> <span class='ocrx_word' id='word_1_56' title='bbox 1440 1301 1896 1394; x_wconf 72' lang='grc' dir='ltr'><em>ἀποστολέας</em></span> <span class='ocrx_word' id='word_1_57' title='bbox 1964 1309 2033 1376; x_wconf 93' lang='lat' dir='ltr'><strong>et</strong></span> <span class='ocrx_word' id='word_1_58' title='bbox 2087 1299 2363 1402; x_wconf 74' lang='grc' dir='ltr'><em>βουλὴν</em></span> <span class='ocrx_word' id='word_1_59' title='bbox 2430 1301 2511 1374; x_wconf 93' lang='lat' dir='ltr'><strong>de</strong></span> <span class='ocrx_word' id='word_1_60' title='bbox 2561 1301 3001 1397; x_wconf 83' lang='lat' dir='ltr'><strong>Theophemo</strong></span> 
     </span>
     <span class='ocr_line' id='line_1_9' title="bbox 560 1420 3003 1521; baseline -0.002 -23"><span class='ocrx_word' id='word_1_61' title='bbox 560 1432 852 1521; x_wconf 89' lang='lat' dir='ltr'><strong>questus</strong></span> <span class='ocrx_word' id='word_1_62' title='bbox 891 1431 1016 1498; x_wconf 87' lang='lat' dir='ltr'><strong>est.</strong></span> <span class='ocrx_word' id='word_1_63' title='bbox 1116 1423 1503 1519; x_wconf 85' lang='lat' dir='ltr'><strong>Respondit</strong></span> <span class='ocrx_word' id='word_1_64' title='bbox 1557 1430 1852 1496; x_wconf 88' lang='lat' dir='ltr'><strong>senatus</strong></span> <span class='ocrx_word' id='word_1_65' title='bbox 1906 1424 2206 1496; x_wconf 89' lang='lat' dir='ltr'><strong>decreto:</strong></span> <span class='ocrx_word' id='word_1_66' title='bbox 2265 1443 2536 1518; x_wconf 88' lang='lat' dir='ltr'><strong>quoquo</strong></span> <span class='ocrx_word' id='word_1_67' title='bbox 2590 1421 2787 1493; x_wconf 88' lang='lat' dir='ltr'><strong>modo</strong></span> <span class='ocrx_word' id='word_1_68' title='bbox 2840 1420 3003 1494; x_wconf 92' lang='lat' dir='ltr'><strong>fieri</strong></span> 
     </span>
     <span class='ocr_line' id='line_1_10' title="bbox 557 1540 3001 1641; baseline -0.002 -24"><span class='ocrx_word' id='word_1_69' title='bbox 557 1553 814 1641; x_wconf 85' lang='lat' dir='ltr'><strong>posset,</strong></span> <span class='ocrx_word' id='word_1_70' title='bbox 856 1544 1088 1618; x_wconf 87' lang='lat' dir='ltr'><strong>debita</strong></span> <span class='ocrx_word' id='word_1_71' title='bbox 1124 1544 1593 1640; x_wconf 82' lang='lat' dir='ltr'><strong>exigerentur.</strong></span> <span class='ocrx_word' id='word_1_72' title='bbox 1700 1543 1847 1631; x_wconf 83' lang='lat' dir='ltr'><strong>Quo</strong></span> <span class='ocrx_word' id='word_1_73' title='bbox 1882 1543 2150 1616; x_wconf 88' lang='lat' dir='ltr'><strong>decreto</strong></span> <span class='ocrx_word' id='word_1_74' title='bbox 2184 1541 2370 1615; x_wconf 84' lang='lat' dir='ltr'><strong>facto</strong></span> <span class='ocrx_word' id='word_1_75' title='bbox 2407 1549 2601 1615; x_wconf 90' lang='lat' dir='ltr'><strong>actor</strong></span> <span class='ocrx_word' id='word_1_76' title='bbox 2636 1540 3001 1638; x_wconf 89' lang='lat' dir='ltr'><strong>Euergum</strong></span> 
     </span>
     <span class='ocr_line' id='line_1_11' title="bbox 557 1660 3005 1768; baseline -0.002 -31"><span class='ocrx_word' id='word_1_77' title='bbox 557 1664 983 1768; x_wconf 83' lang='lat' dir='ltr'><strong>Theophemi</strong></span> <span class='ocrx_word' id='word_1_78' title='bbox 1051 1663 1349 1737; x_wconf 87' lang='lat' dir='ltr'><strong>fratrem</strong></span> <span class='ocrx_word' id='word_1_79' title='bbox 1422 1664 1752 1737; x_wconf 81' lang='lat' dir='ltr'><strong>convenit</strong></span> <span class='ocrx_word' id='word_1_80' title='bbox 1823 1663 2227 1759; x_wconf 85' lang='lat' dir='ltr'><strong>decretoque</strong></span> <span class='ocrx_word' id='word_1_81' title='bbox 2300 1667 2691 1734; x_wconf 87' lang='lat' dir='ltr'><strong>monstrato</strong></span> <span class='ocrx_word' id='word_1_82' title='bbox 2764 1660 2854 1733; x_wconf 90' lang='lat' dir='ltr'><strong>ab</strong></span> <span class='ocrx_word' id='word_1_83' title='bbox 2926 1683 3005 1732; x_wconf 87' lang='lat' dir='ltr'><strong>eo</strong></span> 
     </span>
     <span class='ocr_line' id='line_1_12' title="bbox 481 1781 3003 1882; baseline -0.005 -20"><span class='ocrx_word' id='word_1_84' title='bbox 481 1858 486 1862; x_wconf 86' lang='lat'><strong>.</strong></span> <span class='ocrx_word' id='word_1_85' title='bbox 553 1785 828 1882; x_wconf 86' lang='lat' dir='ltr'><strong>petivit,</strong></span> <span class='ocrx_word' id='word_1_86' title='bbox 878 1792 960 1857; x_wconf 91' lang='lat' dir='ltr'><strong>ut</strong></span> <span class='ocrx_word' id='word_1_87' title='bbox 993 1783 1430 1879; x_wconf 81' lang='lat' dir='ltr'><strong>Theophemo</strong></span> <span class='ocrx_word' id='word_1_88' title='bbox 1465 1783 1849 1856; x_wconf 86' lang='lat' dir='ltr'><strong>nuntiaret.</strong></span> <span class='ocrx_word' id='word_1_89' title='bbox 1949 1784 2058 1855; x_wconf 86' lang='lat' dir='ltr'><strong>Ac</strong></span> <span class='ocrx_word' id='word_1_90' title='bbox 2112 1805 2275 1855; x_wconf 91' lang='lat' dir='ltr'><strong>cum</strong></span> <span class='ocrx_word' id='word_1_91' title='bbox 2311 1781 2639 1877; x_wconf 87' lang='lat' dir='ltr'><strong>Euergus</strong></span> <span class='ocrx_word' id='word_1_92' title='bbox 2695 1787 3003 1853; x_wconf 88' lang='lat' dir='ltr'><strong>actorem</strong></span> 
     </span>
     <span class='ocr_line' id='line_1_13' title="bbox 559 1902 3004 1999; baseline -0.002 -21"><span class='ocrx_word' id='word_1_93' title='bbox 559 1905 932 1997; x_wconf 78' lang='lat' dir='ltr'><strong>derideret,</strong></span> <span class='ocrx_word' id='word_1_94' title='bbox 994 1903 1114 1976; x_wconf 92' lang='lat' dir='ltr'><strong>hic</strong></span> <span class='ocrx_word' id='word_1_95' title='bbox 1175 1902 1478 1976; x_wconf 87' lang='lat' dir='ltr'><strong>testibus</strong></span> <span class='ocrx_word' id='word_1_96' title='bbox 1547 1903 1913 1976; x_wconf 85' lang='lat' dir='ltr'><strong>advocatis</strong></span> <span class='ocrx_word' id='word_1_97' title='bbox 1982 1902 2471 1999; x_wconf 82' lang='lat' dir='ltr'><strong>interrogavit,</strong></span> <span class='ocrx_word' id='word_1_98' title='bbox 2537 1906 2783 1973; x_wconf 89' lang='lat' dir='ltr'><strong>utrum</strong></span> <span class='ocrx_word' id='word_1_99' title='bbox 2848 1923 3004 1974; x_wconf 86' lang='lat' dir='ltr'><strong>rem</strong></span> 
     </span>
     <span class='ocr_line' id='line_1_14' title="bbox 556 2016 3005 2116; baseline -0.002 -18"><span class='ocrx_word' id='word_1_100' title='bbox 556 2024 994 2099; x_wconf 85' lang='lat' dir='ltr'><strong>familiarem</strong></span> <span class='ocrx_word' id='word_1_101' title='bbox 1069 2016 1232 2096; x_wconf 86' lang='lat' dir='ltr'><strong>cum</strong></span> <span class='ocrx_word' id='word_1_102' title='bbox 1313 2023 1533 2096; x_wconf 85' lang='lat' dir='ltr'><strong>fratre</strong></span> <span class='ocrx_word' id='word_1_103' title='bbox 1614 2022 2098 2097; x_wconf 86' lang='lat' dir='ltr'><strong>distribuisset</strong></span> <span class='ocrx_word' id='word_1_104' title='bbox 2112 2017 2169 2110; x_wconf 78' lang='grc'><strong>2)</strong></span> <span class='ocrx_word' id='word_1_105' title='bbox 2251 2043 2487 2095; x_wconf 86' lang='lat' dir='ltr'><strong>neone.</strong></span> <span class='ocrx_word' id='word_1_106' title='bbox 2611 2020 3005 2116; x_wconf 87' lang='lat' dir='ltr'><strong>Postquam</strong></span> 
     </span>
     <span class='ocr_line' id='line_1_15' title="bbox 558 2139 3006 2240; baseline -0.002 -22"><span class='ocrx_word' id='word_1_107' title='bbox 558 2153 800 2218; x_wconf 87' lang='lat' dir='ltr'><strong>autem</strong></span> <span class='ocrx_word' id='word_1_108' title='bbox 868 2143 1198 2240; x_wconf 86' lang='lat' dir='ltr'><strong>cognovit</strong></span> <span class='ocrx_word' id='word_1_109' title='bbox 1248 2141 1770 2237; x_wconf 85' lang='lat' dir='ltr'><strong>Theophemum</strong></span> <span class='ocrx_word' id='word_1_110' title='bbox 1837 2166 1971 2215; x_wconf 88' lang='lat' dir='ltr'><strong>sua</strong></span> <span class='ocrx_word' id='word_1_111' title='bbox 2039 2143 2117 2216; x_wconf 91' lang='lat' dir='ltr'><strong>in</strong></span> <span class='ocrx_word' id='word_1_112' title='bbox 2173 2141 2371 2214; x_wconf 90' lang='lat' dir='ltr'><strong>domo</strong></span> <span class='ocrx_word' id='word_1_113' title='bbox 2443 2139 2769 2213; x_wconf 88' lang='lat' dir='ltr'><strong>habitare</strong></span> <span class='ocrx_word' id='word_1_114' title='bbox 2838 2163 3006 2213; x_wconf 87' lang='lat' dir='ltr'><strong>cum</strong></span> 
     </span>
     <span class='ocr_line' id='line_1_16' title="bbox 559 2259 3009 2362; baseline -0.003 -24"><span class='ocrx_word' id='word_1_115' title='bbox 559 2265 1036 2362; x_wconf 86' lang='lat' dir='ltr'><strong>magistratus</strong></span> <span class='ocrx_word' id='word_1_116' title='bbox 1050 2259 1105 2355; x_wconf 84' lang='grc'><strong>3)</strong></span> <span class='ocrx_word' id='word_1_117' title='bbox 1181 2263 1509 2335; x_wconf 87' lang='lat' dir='ltr'><strong>ministro</strong></span> <span class='ocrx_word' id='word_1_118' title='bbox 1581 2263 1670 2335; x_wconf 93' lang='lat' dir='ltr'><strong>ad</strong></span> <span class='ocrx_word' id='word_1_119' title='bbox 1736 2262 2160 2359; x_wconf 82' lang='lat' dir='ltr'><strong>Theophemi</strong></span> <span class='ocrx_word' id='word_1_120' title='bbox 2233 2262 2517 2334; x_wconf 92' lang='lat' dir='ltr'><strong>domum</strong></span> <span class='ocrx_word' id='word_1_121' title='bbox 2584 2261 2738 2333; x_wconf 85' lang='lat' dir='ltr'><strong>ivit.</strong></span> <span class='ocrx_word' id='word_1_122' title='bbox 2863 2260 3009 2348; x_wconf 78' lang='lat' dir='ltr'><strong>Qui</strong></span> 
     </span>
     <span class='ocr_line' id='line_1_17' title="bbox 553 2381 3012 2481; baseline -0.002 -23"><span class='ocrx_word' id='word_1_123' title='bbox 553 2409 726 2481; x_wconf 62' lang='lat' dir='ltr'><strong>⁶cum</strong></span> <span class='ocrx_word' id='word_1_124' title='bbox 799 2408 942 2458; x_wconf 87' lang='lat' dir='ltr'><strong>non</strong></span> <span class='ocrx_word' id='word_1_125' title='bbox 995 2383 1289 2475; x_wconf 76' lang='lat' dir='ltr'><strong>adesset,</strong></span> <span class='ocrx_word' id='word_1_126' title='bbox 1356 2405 1642 2456; x_wconf 85' lang='lat' dir='ltr'><strong>servam</strong></span> <span class='ocrx_word' id='word_1_127' title='bbox 1696 2389 1889 2456; x_wconf 87' lang='lat' dir='ltr'><strong>actor</strong></span> <span class='ocrx_word' id='word_1_128' title='bbox 1940 2384 2159 2456; x_wconf 88' lang='lat' dir='ltr'><strong>iussit</strong></span> <span class='ocrx_word' id='word_1_129' title='bbox 2210 2381 2574 2455; x_wconf 87' lang='lat' dir='ltr'><strong>dominum</strong></span> <span class='ocrx_word' id='word_1_130' title='bbox 2630 2403 3012 2472; x_wconf 85' lang='lat' dir='ltr'><strong>arcessere,</strong></span> 
     </span>
     <span class='ocr_line' id='line_1_18' title="bbox 557 2501 3007 2601; baseline -0.003 -22"><span class='ocrx_word' id='word_1_131' title='bbox 557 2511 843 2601; x_wconf 78' lang='lat' dir='ltr'><strong>etcum</strong></span> <span class='ocrx_word' id='word_1_132' title='bbox 884 2503 1371 2600; x_wconf 84' lang='lat' dir='ltr'><strong>Theophemus</strong></span> <span class='ocrx_word' id='word_1_133' title='bbox 1425 2503 1744 2577; x_wconf 80' lang='lat' dir='ltr'><strong>venisset</strong></span> <span class='ocrx_word' id='word_1_134' title='bbox 1795 2502 2188 2599; x_wconf 85' lang='lat' dir='ltr'><strong>postulavit</strong></span> <span class='ocrx_word' id='word_1_135' title='bbox 2237 2501 2545 2575; x_wconf 87' lang='lat' dir='ltr'><strong>indicem</strong></span> <span class='ocrx_word' id='word_1_136' title='bbox 2597 2523 3007 2574; x_wconf 85' lang='lat' dir='ltr'><strong>armamen-</strong></span> 
     </span>
     <span class='ocr_line' id='line_1_19' title="bbox 556 2622 3009 2724; baseline -0.003 -24"><span class='ocrx_word' id='word_1_137' title='bbox 556 2635 791 2700; x_wconf 87' lang='lat' dir='ltr'><strong>torum</strong></span> <span class='ocrx_word' id='word_1_138' title='bbox 807 2623 868 2724; x_wconf 84' lang='lat'><strong>4)</strong></span> <span class='ocrx_word' id='word_1_139' title='bbox 963 2631 1030 2697; x_wconf 88' lang='lat' dir='ltr'><strong>et</strong></span> <span class='ocrx_word' id='word_1_140' title='bbox 1117 2623 1546 2696; x_wconf 80' lang='lat' dir='ltr'><strong>monstravit</strong></span> <span class='ocrx_word' id='word_1_141' title='bbox 1627 2624 1998 2697; x_wconf 87' lang='lat' dir='ltr'><strong>decretum.</strong></span> <span class='ocrx_word' id='word_1_142' title='bbox 2151 2622 2671 2718; x_wconf 85' lang='lat' dir='ltr'><strong>Theophemum</strong></span> <span class='ocrx_word' id='word_1_143' title='bbox 2764 2628 3009 2695; x_wconf 89' lang='lat' dir='ltr'><strong>autem</strong></span> 
     </span>
     <span class='ocr_line' id='line_1_20' title="bbox 549 2741 3007 2833; baseline -0.004 -11"><span class='ocrx_word' id='word_1_144' title='bbox 549 2752 1005 2822; x_wconf 75' lang='lat' dir='ltr'><strong>recusantem</strong></span> <span class='ocrx_word' id='word_1_145' title='bbox 1098 2744 1331 2817; x_wconf 88' lang='lat' dir='ltr'><strong>debita</strong></span> <span class='ocrx_word' id='word_1_146' title='bbox 1417 2743 1583 2815; x_wconf 88' lang='lat' dir='ltr'><strong>dare</strong></span> <span class='ocrx_word' id='word_1_147' title='bbox 1674 2766 1749 2817; x_wconf 91' lang='lat' dir='ltr'><strong>se</strong></span> <span class='ocrx_word' id='word_1_148' title='bbox 1825 2744 1913 2816; x_wconf 90' lang='lat' dir='ltr'><strong>ad</strong></span> <span class='ocrx_word' id='word_1_149' title='bbox 1992 2741 2446 2833; x_wconf 77' lang='grc' dir='ltr'><em>ἀποστολέας</em></span> <span class='ocrx_word' id='word_1_150' title='bbox 2522 2748 2591 2814; x_wconf 91' lang='lat' dir='ltr'><strong>et</strong></span> <span class='ocrx_word' id='word_1_151' title='bbox 2672 2747 3007 2814; x_wconf 88' lang='lat' dir='ltr'><strong>senatum</strong></span> 
     </span>
     <span class='ocr_line' id='line_1_21' title="bbox 558 2862 3004 2962; baseline -0.004 -22"><span class='ocrx_word' id='word_1_152' title='bbox 558 2867 765 2962; x_wconf 85' lang='lat' dir='ltr'><strong>sequi</strong></span> <span class='ocrx_word' id='word_1_153' title='bbox 825 2865 1064 2958; x_wconf 90' lang='lat' dir='ltr'><strong>iussit,</strong></span> <span class='ocrx_word' id='word_1_154' title='bbox 1126 2871 1207 2936; x_wconf 87' lang='lat' dir='ltr'><strong>ut</strong></span> <span class='ocrx_word' id='word_1_155' title='bbox 1255 2864 1358 2936; x_wconf 90' lang='lat' dir='ltr'><strong>eis</strong></span> <span class='ocrx_word' id='word_1_156' title='bbox 1413 2864 1865 2959; x_wconf 85' lang='lat' dir='ltr'><strong>persuaderet</strong></span> <span class='ocrx_word' id='word_1_157' title='bbox 1919 2888 1993 2937; x_wconf 92' lang='lat' dir='ltr'><strong>se</strong></span> <span class='ocrx_word' id='word_1_158' title='bbox 2046 2862 2236 2935; x_wconf 88' lang='lat' dir='ltr'><strong>nihil</strong></span> <span class='ocrx_word' id='word_1_159' title='bbox 2282 2862 2529 2935; x_wconf 87' lang='lat' dir='ltr'><strong>debere</strong></span> <span class='ocrx_word' id='word_1_160' title='bbox 2581 2869 2707 2934; x_wconf 88' lang='lat' dir='ltr'><strong>aut</strong></span> <span class='ocrx_word' id='word_1_161' title='bbox 2759 2884 3004 2932; x_wconf 90' lang='lat' dir='ltr'><strong>arma-</strong></span> 
     </span>
     <span class='ocr_line' id='line_1_22' title="bbox 561 2978 3009 3080; baseline -0.003 -20"><span class='ocrx_word' id='word_1_162' title='bbox 561 2993 803 3069; x_wconf 84' lang='lat' dir='ltr'><strong>menta</strong></span> <span class='ocrx_word' id='word_1_163' title='bbox 863 2986 1050 3078; x_wconf 90' lang='lat' dir='ltr'><strong>dare,</strong></span> <span class='ocrx_word' id='word_1_164' title='bbox 1122 2984 1188 3057; x_wconf 90' lang='lat' dir='ltr'><strong>si</strong></span> <span class='ocrx_word' id='word_1_165' title='bbox 1253 3006 1416 3076; x_wconf 84' lang='lat' dir='ltr'><strong>non,</strong></span> <span class='ocrx_word' id='word_1_166' title='bbox 1483 3007 1557 3056; x_wconf 90' lang='lat' dir='ltr'><strong>se</strong></span> <span class='ocrx_word' id='word_1_167' title='bbox 1623 2984 1926 3080; x_wconf 85' lang='lat' dir='ltr'><strong>pignora</strong></span> <span class='ocrx_word' id='word_1_168' title='bbox 1987 3006 2142 3056; x_wconf 89' lang='lat' dir='ltr'><strong>esse</strong></span> <span class='ocrx_word' id='word_1_169' title='bbox 2194 2989 2587 3077; x_wconf 89' lang='lat' dir='ltr'><strong>capturum.</strong></span> <span class='ocrx_word' id='word_1_170' title='bbox 2691 2979 2827 3053; x_wconf 86' lang='lat' dir='ltr'><strong>Sed</strong></span> <span class='ocrx_word' id='word_1_171' title='bbox 2878 2978 3009 3053; x_wconf 88' lang='lat' dir='ltr'><strong>ille</strong></span> 
     </span>
     <span class='ocr_line' id='line_1_23' title="bbox 560 3090 3013 3202; baseline -0.003 -23"><span class='ocrx_word' id='word_1_172' title='bbox 560 3129 786 3202; x_wconf 87' lang='lat' dir='ltr'><strong>neque</strong></span> <span class='ocrx_word' id='word_1_173' title='bbox 854 3106 1022 3178; x_wconf 84' lang='lat' dir='ltr'><strong>dare</strong></span> <span class='ocrx_word' id='word_1_174' title='bbox 1086 3127 1312 3199; x_wconf 88' lang='lat' dir='ltr'><strong>neque</strong></span> <span class='ocrx_word' id='word_1_175' title='bbox 1397 3104 1596 3198; x_wconf 87' lang='lat' dir='ltr'><strong>sequi</strong></span> <span class='ocrx_word' id='word_1_176' title='bbox 1665 3104 1925 3196; x_wconf 81' lang='lat' dir='ltr'><strong>voluit,</strong></span> <span class='ocrx_word' id='word_1_177' title='bbox 2002 3125 2221 3199; x_wconf 85' lang='lat' dir='ltr'><strong>quare</strong></span> <span class='ocrx_word' id='word_1_178' title='bbox 2288 3109 2481 3174; x_wconf 86' lang='lat' dir='ltr'><strong>actor</strong></span> <span class='ocrx_word' id='word_1_179' title='bbox 2543 3090 2828 3174; x_wconf 85' lang='lat' dir='ltr'><strong>coactus</strong></span> <span class='ocrx_word' id='word_1_180' title='bbox 2898 3108 3013 3172; x_wconf 90' lang='lat' dir='ltr'><strong>est</strong></span> 
     </span>
     <span class='ocr_line' id='line_1_24' title="bbox 565 3220 3013 3321; baseline -0.004 -20"><span class='ocrx_word' id='word_1_181' title='bbox 565 3249 850 3301; x_wconf 81' lang='lat' dir='ltr'><strong>servam</strong></span> <span class='ocrx_word' id='word_1_182' title='bbox 918 3225 1123 3297; x_wconf 88' lang='lat' dir='ltr'><strong>illam</strong></span> <span class='ocrx_word' id='word_1_183' title='bbox 1197 3223 1554 3321; x_wconf 86' lang='lat' dir='ltr'><strong>abducere.</strong></span> <span class='ocrx_word' id='word_1_184' title='bbox 1657 3224 1766 3296; x_wconf 85' lang='lat' dir='ltr'><strong>Ea</strong></span> <span class='ocrx_word' id='word_1_185' title='bbox 1828 3246 1993 3296; x_wconf 84' lang='lat' dir='ltr'><strong>vero</strong></span> <span class='ocrx_word' id='word_1_186' title='bbox 2059 3229 2298 3318; x_wconf 87' lang='lat' dir='ltr'><strong>erepta</strong></span> <span class='ocrx_word' id='word_1_187' title='bbox 2347 3221 2633 3294; x_wconf 89' lang='lat' dir='ltr'><strong>domum</strong></span> <span class='ocrx_word' id='word_1_188' title='bbox 2684 3220 3013 3312; x_wconf 85' lang='lat' dir='ltr'><strong>intravit,</strong></span> 
     </span>
     <span class='ocr_line' id='line_1_25' title="bbox 564 3339 3010 3442; baseline -0.003 -24"><span class='ocrx_word' id='word_1_189' title='bbox 564 3352 648 3419; x_wconf 89' lang='lat' dir='ltr'><strong>ut</strong></span> <span class='ocrx_word' id='word_1_190' title='bbox 699 3346 966 3442; x_wconf 84' lang='lat' dir='ltr'><strong>pignus</strong></span> <span class='ocrx_word' id='word_1_191' title='bbox 1020 3351 1314 3439; x_wconf 86' lang='lat' dir='ltr'><strong>caperet.</strong></span> <span class='ocrx_word' id='word_1_192' title='bbox 1415 3344 1816 3416; x_wconf 86' lang='lat' dir='ltr'><strong>Intrantem</strong></span> <span class='ocrx_word' id='word_1_193' title='bbox 1866 3342 2354 3438; x_wconf 82' lang='lat' dir='ltr'><strong>Theophemus</strong></span> <span class='ocrx_word' id='word_1_194' title='bbox 2408 3341 2831 3432; x_wconf 85' lang='lat' dir='ltr'><strong>verberavit,</strong></span> <span class='ocrx_word' id='word_1_195' title='bbox 2880 3339 3010 3411; x_wconf 91' lang='lat' dir='ltr'><strong>ille</strong></span> 
     </span>
     <span class='ocr_line' id='line_1_26' title="bbox 564 3459 3011 3558; baseline -0.004 -20"><span class='ocrx_word' id='word_1_196' title='bbox 564 3472 802 3539; x_wconf 88' lang='lat' dir='ltr'><strong>autem</strong></span> <span class='ocrx_word' id='word_1_197' title='bbox 837 3486 973 3557; x_wconf 62' lang='grc' dir='ltr'><strong>θος,</strong></span> <span class='ocrx_word' id='word_1_198' title='bbox 1025 3464 1146 3558; x_wconf 87' lang='lat' dir='ltr'><strong>qui</strong></span> <span class='ocrx_word' id='word_1_199' title='bbox 1202 3463 1515 3556; x_wconf 89' lang='lat' dir='ltr'><strong>aderant,</strong></span> <span class='ocrx_word' id='word_1_200' title='bbox 1565 3464 1923 3536; x_wconf 87' lang='lat' dir='ltr'><strong>obtestans</strong></span> <span class='ocrx_word' id='word_1_201' title='bbox 1981 3485 2055 3534; x_wconf 91' lang='lat' dir='ltr'><strong>se</strong></span> <span class='ocrx_word' id='word_1_202' title='bbox 2108 3461 2427 3535; x_wconf 85' lang='lat' dir='ltr'><strong>defendit.</strong></span> <span class='ocrx_word' id='word_1_203' title='bbox 2531 3459 2787 3533; x_wconf 88' lang='lat' dir='ltr'><strong>Postea</strong></span> <span class='ocrx_word' id='word_1_204' title='bbox 2838 3481 3011 3531; x_wconf 81' lang='lat' dir='ltr'><strong>vero</strong></span> 
     </span>
     <span class='ocr_line' id='line_1_27' title="bbox 565 3578 3011 3681; baseline -0.004 -21"><span class='ocrx_word' id='word_1_205' title='bbox 565 3592 892 3660; x_wconf 86' lang='lat' dir='ltr'><strong>senatum</strong></span> <span class='ocrx_word' id='word_1_206' title='bbox 930 3583 1476 3681; x_wconf 84' lang='lat' dir='ltr'><strong>quingentorum</strong></span> <span class='ocrx_word' id='word_1_207' title='bbox 1514 3583 1691 3656; x_wconf 88' lang='lat' dir='ltr'><strong>adiit</strong></span> <span class='ocrx_word' id='word_1_208' title='bbox 1726 3582 2028 3679; x_wconf 88' lang='lat' dir='ltr'><strong>quidque</strong></span> <span class='ocrx_word' id='word_1_209' title='bbox 2068 3582 2207 3655; x_wconf 90' lang='lat' dir='ltr'><strong>sibi</strong></span> <span class='ocrx_word' id='word_1_210' title='bbox 2242 3580 2618 3654; x_wconf 89' lang='lat' dir='ltr'><strong>accidisset</strong></span> <span class='ocrx_word' id='word_1_211' title='bbox 2657 3578 3011 3654; x_wconf 84' lang='lat' dir='ltr'><strong>narravit.</strong></span> 
     </span>
    </p>
   </div>
   <div class='ocr_carea' id='block_1_3' title="bbox 571 3772 764 3783">
    <p class='ocr_par' dir='ltr' id='par_1_3' title="bbox 571 3772 764 3783">
     <span class='ocr_line' id='line_1_28' title="bbox 571 3772 764 3783; baseline -0.016 -1"><span class='ocrx_word' id='word_1_212' title='bbox 571 3772 764 3783; x_wconf 65' lang='lat' dir='ltr'><strong>n—--—-—</strong></span> 
     </span>
    </p>
   </div>
   <div class='ocr_carea' id='block_1_4' title="bbox 769 3772 985 3780">
    <p class='ocr_par' dir='ltr' id='par_1_4' title="bbox 769 3772 985 3780">
     <span class='ocr_line' id='line_1_29' title="bbox 769 3772 985 3780; baseline 0 1370"><span class='ocrx_word' id='word_1_213' title='bbox 769 3772 985 3780; x_wconf 95' lang='lat' dir='ltr'><strong> </strong></span> 
     </span>
    </p>
   </div>
   <div class='ocr_carea' id='block_1_5' title="bbox 561 3849 3009 4517">
    <p class='ocr_par' dir='ltr' id='par_1_5' title="bbox 740 3849 3009 3933">
     <span class='ocr_line' id='line_1_30' title="bbox 740 3849 3009 3933; baseline -0.003 -20"><span class='ocrx_word' id='word_1_214' title='bbox 740 3856 778 3923; x_wconf 71' lang='grc'><strong>1)</strong></span> <span class='ocrx_word' id='word_1_215' title='bbox 814 3854 890 3913; x_wconf 89' lang='lat' dir='ltr'><strong>de</strong></span> <span class='ocrx_word' id='word_1_216' title='bbox 924 3858 1290 3933; x_wconf 57' lang='grc' dir='ltr'><strong>,διοιδικιιιοιίμ6</strong></span> <span class='ocrx_word' id='word_1_217' title='bbox 1327 3853 1400 3914; x_wconf 86' lang='lat' dir='ltr'><strong>cf.</strong></span> <span class='ocrx_word' id='word_1_218' title='bbox 1423 3852 1625 3913; x_wconf 81' lang='lat' dir='ltr'><strong>Meier.</strong></span> <span class='ocrx_word' id='word_1_219' title='bbox 1663 3860 1724 3913; x_wconf 90' lang='lat' dir='ltr'><strong>et</strong></span> <span class='ocrx_word' id='word_1_220' title='bbox 1749 3852 2017 3914; x_wconf 88' lang='lat' dir='ltr'><strong>Schoem.</strong></span> <span class='ocrx_word' id='word_1_221' title='bbox 2052 3852 2168 3913; x_wconf 81' lang='lat' dir='ltr'><strong>litt.</strong></span> <span class='ocrx_word' id='word_1_222' title='bbox 2192 3854 2314 3913; x_wconf 81' lang='lat' dir='ltr'><strong>Att.</strong></span> <span class='ocrx_word' id='word_1_223' title='bbox 2354 3854 2427 3922; x_wconf 76' lang='lat'><strong>(2)</strong></span> <span class='ocrx_word' id='word_1_224' title='bbox 2462 3849 2541 3921; x_wconf 85' lang='lat'><strong>11,</strong></span> <span class='ocrx_word' id='word_1_225' title='bbox 2575 3870 2632 3923; x_wconf 84' lang='lat' dir='ltr'><strong>p.</strong></span> <span class='ocrx_word' id='word_1_226' title='bbox 2656 3852 2775 3920; x_wconf 72' lang='lat'><strong>475,</strong></span> <span class='ocrx_word' id='word_1_227' title='bbox 2810 3854 2931 3909; x_wconf 88' lang='lat' dir='ltr'><strong>not.</strong></span> <span class='ocrx_word' id='word_1_228' title='bbox 2957 3852 3009 3908; x_wconf 86' lang='grc'><strong>9.</strong></span> 
     </span>
    </p>

    <p class='ocr_par' dir='ltr' id='par_1_6' title="bbox 562 3950 3006 4131">
     <span class='ocr_line' id='line_1_31' title="bbox 733 3950 3006 4036; baseline 0 -21"><span class='ocrx_word' id='word_1_229' title='bbox 733 3958 775 4025; x_wconf 75' lang='lat'><strong>²)</strong></span> <span class='ocrx_word' id='word_1_230' title='bbox 812 3959 842 4026; x_wconf 69' lang='grc' dir='ltr'>ξ</span> <span class='ocrx_word' id='word_1_231' title='bbox 876 3957 959 4026; x_wconf 86' lang='grc'><strong>34,</strong></span> <span class='ocrx_word' id='word_1_232' title='bbox 1002 3973 1133 4027; x_wconf 81' lang='lat' dir='ltr'><strong>pag.</strong></span> <span class='ocrx_word' id='word_1_233' title='bbox 1171 3958 1321 4028; x_wconf 88' lang='grc'>1149,</span> <span class='ocrx_word' id='word_1_234' title='bbox 1364 3976 1421 4015; x_wconf 81' lang='lat' dir='ltr'><strong>V·</strong></span> <span class='ocrx_word' id='word_1_235' title='bbox 1454 3957 1550 4016; x_wconf 85' lang='lat'><strong>22:</strong></span> <span class='ocrx_word' id='word_1_236' title='bbox 1612 3956 1820 4036; x_wconf 78' lang='grc' dir='ltr'><em>πότερα</em></span> <span class='ocrx_word' id='word_1_237' title='bbox 1870 3964 2223 4034; x_wconf 76' lang='grc' dir='ltr'><em>νενεμημένος</em></span> <span class='ocrx_word' id='word_1_238' title='bbox 2276 3966 2360 4029; x_wconf 80' lang='grc' dir='ltr'><strong>εἴη</strong></span> <span class='ocrx_word' id='word_1_239' title='bbox 2411 3956 2555 4035; x_wconf 71' lang='grc' dir='ltr'><strong><em>πρὸς</em></strong></span> <span class='ocrx_word' id='word_1_240' title='bbox 2604 3954 2697 4015; x_wconf 77' lang='grc' dir='ltr'><strong>τὸν</strong></span> <span class='ocrx_word' id='word_1_241' title='bbox 2746 3950 3006 4028; x_wconf 73' lang='grc' dir='ltr'><strong>ἀδελφόν.</strong></span> 
     </span>
     <span class='ocr_line' id='line_1_32' title="bbox 562 4046 2362 4131; baseline 0.001 -20"><span class='ocrx_word' id='word_1_242' title='bbox 562 4052 636 4112; x_wconf 84' lang='lat' dir='ltr'><strong>ef.</strong></span> <span class='ocrx_word' id='word_1_243' title='bbox 671 4052 814 4122; x_wconf 84' lang='lat' dir='ltr'><strong>Lys.</strong></span> <span class='ocrx_word' id='word_1_244' title='bbox 851 4049 1015 4120; x_wconf 82' lang='lat' dir='ltr'><strong>XVI,</strong></span> <span class='ocrx_word' id='word_1_245' title='bbox 1053 4054 1082 4120; x_wconf 67' lang='grc' dir='ltr'><strong>ἓ</strong></span> <span class='ocrx_word' id='word_1_246' title='bbox 1120 4052 1213 4111; x_wconf 67' lang='grc'><strong>103</strong></span> <span class='ocrx_word' id='word_1_247' title='bbox 1267 4053 1403 4131; x_wconf 76' lang='grc' dir='ltr'><strong><em>πρὸς</em></strong></span> <span class='ocrx_word' id='word_1_248' title='bbox 1443 4050 1536 4111; x_wconf 74' lang='grc' dir='ltr'><strong>τὸν</strong></span> <span class='ocrx_word' id='word_1_249' title='bbox 1578 4048 1822 4125; x_wconf 72' lang='grc' dir='ltr'><em>ἀδελφὸν</em></span> <span class='ocrx_word' id='word_1_250' title='bbox 1863 4046 2002 4110; x_wconf 75' lang='grc' dir='ltr'><strong>οὕτω</strong></span> <span class='ocrx_word' id='word_1_251' title='bbox 2043 4048 2362 4128; x_wconf 72' lang='grc' dir='ltr'>ἐνειμάμην.</span> 
     </span>
    </p>

    <p class='ocr_par' dir='ltr' id='par_1_7' title="bbox 561 4147 3009 4421">
     <span class='ocr_line' id='line_1_33' title="bbox 734 4147 3009 4229; baseline -0.004 -15"><span class='ocrx_word' id='word_1_252' title='bbox 734 4155 777 4224; x_wconf 80' lang='lat'><strong>³)</strong></span> <span class='ocrx_word' id='word_1_253' title='bbox 811 4154 847 4224; x_wconf 65' lang='grc' dir='ltr'>ξ</span> <span class='ocrx_word' id='word_1_254' title='bbox 884 4154 969 4226; x_wconf 84' lang='grc'>35,</span> <span class='ocrx_word' id='word_1_255' title='bbox 1012 4170 1143 4225; x_wconf 77' lang='lat' dir='ltr'><strong>pag.</strong></span> <span class='ocrx_word' id='word_1_256' title='bbox 1189 4155 1340 4223; x_wconf 87' lang='grc'>1149,</span> <span class='ocrx_word' id='word_1_257' title='bbox 1383 4152 1454 4211; x_wconf 83' lang='grc'><strong>26</strong></span> <span class='ocrx_word' id='word_1_258' title='bbox 1505 4152 1688 4227; x_wconf 74' lang='grc' dir='ltr'><em>λαβών</em></span> <span class='ocrx_word' id='word_1_259' title='bbox 1736 4148 1893 4229; x_wconf 77' lang='grc' dir='ltr'><strong>παρὰ</strong></span> <span class='ocrx_word' id='word_1_260' title='bbox 1944 4151 2041 4225; x_wconf 79' lang='grc' dir='ltr'><strong>τῆς</strong></span> <span class='ocrx_word' id='word_1_261' title='bbox 2094 4149 2268 4225; x_wconf 67' lang='grc' dir='ltr'><em>ἀρχῆς</em></span> <span class='ocrx_word' id='word_1_262' title='bbox 2309 4150 2605 4229; x_wconf 67' lang='grc' dir='ltr'><strong>ὑπηρέτην.</strong></span> <span class='ocrx_word' id='word_1_263' title='bbox 2688 4147 2832 4225; x_wconf 71' lang='grc' dir='ltr'><strong>ἀρχή</strong></span> <span class='ocrx_word' id='word_1_264' title='bbox 2881 4149 2920 4207; x_wconf 87' lang='lat' dir='ltr'><strong>i.</strong></span> <span class='ocrx_word' id='word_1_265' title='bbox 2958 4167 3009 4207; x_wconf 73' lang='lat' dir='ltr'><strong>e.</strong></span> 
     </span>
     <span class='ocr_line' id='line_1_34' title="bbox 567 4244 3007 4317; baseline -0.005 -6"><span class='ocrx_word' id='word_1_266' title='bbox 567 4251 894 4317; x_wconf 70' lang='grc' dir='ltr'><em>ἀποστολεῖς</em></span> <span class='ocrx_word' id='word_1_267' title='bbox 930 4249 1001 4309; x_wconf 81' lang='lat' dir='ltr'><strong>of.</strong></span> <span class='ocrx_word' id='word_1_268' title='bbox 1042 4250 1073 4317; x_wconf 68' lang='grc' dir='ltr'>ἓ</span> <span class='ocrx_word' id='word_1_269' title='bbox 1109 4250 1194 4317; x_wconf 84' lang='grc'><strong>33,</strong></span> <span class='ocrx_word' id='word_1_270' title='bbox 1231 4250 1380 4317; x_wconf 88' lang='lat'><strong>1149,</strong></span> <span class='ocrx_word' id='word_1_271' title='bbox 1414 4247 1451 4305; x_wconf 88' lang='lat'>4</span> <span class='ocrx_word' id='word_1_272' title='bbox 1486 4250 1546 4304; x_wconf 74' lang='lat' dir='ltr'><strong>et</strong></span> <span class='ocrx_word' id='word_1_273' title='bbox 1582 4246 1614 4312; x_wconf 71' lang='grc' dir='ltr'>ξ</span> <span class='ocrx_word' id='word_1_274' title='bbox 1651 4246 1734 4311; x_wconf 84' lang='grc'><strong>37,</strong></span> <span class='ocrx_word' id='word_1_275' title='bbox 1770 4261 1899 4315; x_wconf 79' lang='lat' dir='ltr'><strong>pag.</strong></span> <span class='ocrx_word' id='word_1_276' title='bbox 1938 4244 2087 4313; x_wconf 85' lang='lat'><strong>1150,</strong></span> <span class='ocrx_word' id='word_1_277' title='bbox 2125 4246 2206 4313; x_wconf 79' lang='grc'><strong>12,</strong></span> <span class='ocrx_word' id='word_1_278' title='bbox 2242 4244 2315 4303; x_wconf 82' lang='lat' dir='ltr'><strong>cf.</strong></span> <span class='ocrx_word' id='word_1_279' title='bbox 2351 4245 2428 4303; x_wconf 84' lang='lat' dir='ltr'><strong>M.</strong></span> <span class='ocrx_word' id='word_1_280' title='bbox 2467 4250 2527 4303; x_wconf 76' lang='lat' dir='ltr'><strong>et</strong></span> <span class='ocrx_word' id='word_1_281' title='bbox 2564 4244 2696 4309; x_wconf 73' lang='lat' dir='ltr'><strong>Sch.</strong></span> <span class='ocrx_word' id='word_1_282' title='bbox 2734 4244 2848 4304; x_wconf 78' lang='lat' dir='ltr'><strong>litt.</strong></span> <span class='ocrx_word' id='word_1_283' title='bbox 2882 4246 3007 4304; x_wconf 84' lang='lat' dir='ltr'><strong>Att.</strong></span> 
     </span>
     <span class='ocr_line' id='line_1_35' title="bbox 561 4339 2079 4421; baseline -0.005 -19"><span class='ocrx_word' id='word_1_284' title='bbox 561 4342 626 4421; x_wconf 83' lang='grc' dir='ltr'>Π</span> <span class='ocrx_word' id='word_1_285' title='bbox 664 4343 738 4411; x_wconf 83' lang='lat'><strong>(2)</strong></span> <span class='ocrx_word' id='word_1_286' title='bbox 773 4361 902 4413; x_wconf 84' lang='lat' dir='ltr'><strong>pag.</strong></span> <span class='ocrx_word' id='word_1_287' title='bbox 939 4344 1058 4413; x_wconf 79' lang='lat'><strong>965,</strong></span> <span class='ocrx_word' id='word_1_288' title='bbox 1092 4350 1211 4415; x_wconf 85' lang='lat' dir='ltr'><strong>not.</strong></span> <span class='ocrx_word' id='word_1_289' title='bbox 1246 4344 1371 4413; x_wconf 76' lang='lat'><strong>5803</strong></span> <span class='ocrx_word' id='word_1_290' title='bbox 1408 4342 1613 4412; x_wconf 73' lang='lat' dir='ltr'><strong>Roger</strong></span> <span class='ocrx_word' id='word_1_291' title='bbox 1644 4339 1684 4397; x_wconf 91' lang='lat'><strong>1.</strong></span> <span class='ocrx_word' id='word_1_292' title='bbox 1720 4339 1758 4396; x_wconf 92' lang='grc'><strong>1.</strong></span> <span class='ocrx_word' id='word_1_293' title='bbox 1793 4354 1923 4409; x_wconf 84' lang='lat' dir='ltr'><strong>pag.</strong></span> <span class='ocrx_word' id='word_1_294' title='bbox 1959 4340 2079 4398; x_wconf 76' lang='lat'><strong>821.</strong></span> 
     </span>
    </p>

    <p class='ocr_par' dir='ltr' id='par_1_8' title="bbox 734 4433 2537 4517">
     <span class='ocr_line' id='line_1_36' title="bbox 734 4433 2537 4517; baseline -0.003 -20"><span class='ocrx_word' id='word_1_295' title='bbox 734 4438 778 4504; x_wconf 72' lang='grc'><strong>4&gt;</strong></span> <span class='ocrx_word' id='word_1_296' title='bbox 815 4439 878 4497; x_wconf 81' lang='grc' dir='ltr'><strong>τὸ</strong></span> <span class='ocrx_word' id='word_1_297' title='bbox 909 4438 1236 4517; x_wconf 75' lang='grc' dir='ltr'><em>διάγραμμα</em></span> <span class='ocrx_word' id='word_1_298' title='bbox 1265 4439 1364 4497; x_wconf 77' lang='grc' dir='ltr'><strong>τῶν</strong></span> <span class='ocrx_word' id='word_1_299' title='bbox 1391 4437 1595 4498; x_wconf 72' lang='grc' dir='ltr'><em>σκευῶν</em></span> <span class='ocrx_word' id='word_1_300' title='bbox 1635 4433 1707 4493; x_wconf 84' lang='lat' dir='ltr'><strong>cf.</strong></span> <span class='ocrx_word' id='word_1_301' title='bbox 1743 4434 1972 4494; x_wconf 74' lang='lat' dir='ltr'><strong>B6Ckhi</strong></span> <span class='ocrx_word' id='word_1_302' title='bbox 2009 4434 2253 4493; x_wconf 77' lang='lat' dir='ltr'><strong>Seeurk.</strong></span> <span class='ocrx_word' id='word_1_303' title='bbox 2288 4452 2415 4505; x_wconf 78' lang='lat' dir='ltr'><strong>pag.</strong></span> <span class='ocrx_word' id='word_1_304' title='bbox 2451 4436 2537 4493; x_wconf 86' lang='grc'><strong>55.</strong></span> 
     </span>
    </p>
   </div>
  </div>
 </body>
</html>
