3200 5150
1507 459 1614 468 ..-
1721 417 2025 488 24-

544 620 816 693 aotione
885 626 1122 711 staret,
1189 619 1464 692 caderet
1533 627 1766 694 autem
1841 620 2084 711 altera,
2155 620 2283 692 hoc
2348 623 2437 692 ab
2490 623 2681 692 omni
2734 623 2976 716 proba-

543 739 820 813 bilitate
876 739 1238 812 abhorret}
1343 740 1571 828 Quam
1626 740 2051 812 sententiam
2106 740 2355 813 hausit
2390 740 2694 814 Schulze
2743 750 2981 813 nostra

542 863 634 932 ex
671 859 1000 951 oratione,
1052 881 1213 931 cum
1250 882 1452 955 porro
1505 860 1883 932 contendat
1936 866 2181 933 nostra
2234 860 2309 932 in
2364 883 2585 932 causa
2640 861 2979 934 actionem

543 979 970 1076 antigraphe
1039 979 1315 1052 intenta
1384 988 1451 1052 et
1518 979 1818 1052 dilatam
1893 985 1961 1052 et
1981 1040 2004 1077 ,
2032 1002 2197 1051 cum
2266 979 2727 1052 adversarius
2796 981 2977 1054 anti-

541 1101 812 1196 grapho
879 1100 1192 1191 vicisset,
1255 1123 1410 1172 esse
1475 1100 1879 1172 rescissam.
1995 1099 2269 1172 Ductus
2324 1107 2432 1172 est
2483 1099 2600 1171 vir
2652 1099 2775 1172 ille
2825 1101 2977 1172 doc·

541 1221 872 1292 tissimus
911 1220 1305 1312 sententiis,
1337 1241 1518 1315 quas
1553 1219 2002 1314 protulerunt
2026 1220 2201 1292 Arn.
2228 1217 2567 1300 Schaefer
2600 1226 2669 1293 et
2693 1220 2982 1292 Platner

543 1340 655 1433 (cf.
705 1338 832 1412 1.1.
886 1338 961 1412 II
1012 1362 1173 1437 pag.
1217 1339 1412 1432 204),
1461 1339 1604 1434 qui,
1656 1361 2089 1434 quamquam
2143 1338 2226 1412 de
2280 1340 2706 1436 antigraphe
2762 1341 2979 1412 aliam

541 1461 754 1533 habet
833 1460 1291 1552 sententiam,
1373 1459 1708 1532 similiter
1782 1459 2054 1532 iudicat
2120 1466 2329 1554 atque
2400 1459 2740 1547 Schulze,
2820 1483 2980 1532 cum

543 1579 768 1652 dicat:
842 1579 1020 1671 ‚Wir
1071 1580 1382 1676 glauben
1436 1579 1588 1652 also
1642 1580 1722 1651 in
1775 1579 1896 1652 (191·
1944 1577 2135 1652 Rede
2186 1601 2411 1676 gegen
2464 1579 2780 1676 Euergos
2838 1579 2982 1651 und

540 1699 984 1772 Mnesibulos
1047 1700 1163 1772 ein
1214 1697 1527 1796 Beispiel
1579 1700 1775 1772 einer
1826 1697 2299 1794 eigentlichen
2352 1697 2811 1796 Widerklage
2864 1723 2981 1796 ge-

540 1819 808 1892 funden
844 1841 935 1892 zu
968 1820 1218 1911 haben,
1268 1819 1534 1892 welche
1569 1841 1743 1892 man
1778 1818 1980 1891 nicht
2025 1819 2158 1890 mit
2210 1819 2405 1890 einer
2454 1819 2982 1915 gegenseitigen

541 1933 774 2036 Klage
855 1938 1342 2012 verwechseln
1422 1939 1598 2011 darf.
1716 1938 1763 2010 J
1766 1961 1891 2011 ene
1974 1939 2333 2011 bestreitet
2398 1938 2525 2011 das
2592 1938 2984 2034 Klagrecht

541 2060 663 2132 des
735 2059 1056 2156 Gegners
1119 2059 1549 2154 uberhaupt,
1625 2081 1749 2131 um
1816 2058 1925 2130 die
1986 2057 2219 2154 Klage
2284 2058 2646 2131 desselben
2720 2080 3015 2130 91113211--

542 2178 956 2252 schliessen.
1060 2179 1191 2252 Die
1226 2178 1686 2274 Widerklage
1736 2179 1917 2250 wird
1972 2178 2193 2250 daher
2244 2179 2593 2251 entweder
2643 2201 2774 2249 vor
2824 2179 2985 2252 oder

522 2295 674 2386 ,mit
726 2298 848 2371 der
898 2299 1129 2396 Klage
1183 2300 1263 2370 in
1316 2298 1716 2372 demselben
1766 2299 2298 2394 Processgange
2348 2297 2798 2370 verbanden}

749 2435 882 2509 Sed
923 2435 1260 2509 Schulzii
1316 2437 1688 2529 sententia,
1754 2458 2188 2531 quamquam
2243 2457 2385 2506 non
2441 2435 2529 2507 ab
2583 2435 2774 2506 omni
2826 2457 2986 2529 pro-

541 2556 925 2649 babilitate,
992 2563 1230 2629 tamen
1302 2580 1344 2629 a
1412 2556 1713 2629 veritate
1780 2555 2122 2628 abhorret.
2223 2555 2431 2651 Apud
2496 2579 2699 2650 quem
2760 2556 2984 2650 scrip·-

541 2684 762 2750 torem
837 2678 1034 2749 ullus
1109 2678 1306 2750 locus
1381 2683 1650 2769 exstat,
1722 2697 1859 2771 quo
1928 2675 2060 2747 illa
2128 2676 2480 2747 sententia
2548 2674 2985 2771 comprobari

541 2799 815 2893 possit?
921 2800 1154 2893 Atque
1192 2798 1256 2869 si
1299 2796 1709 2869 accuratius
1760 2796 1841 2866 in
1893 2817 2040 2867 rem
2094 2796 2710 2890 inquisiverimus,
2760 2794 2985 2867 aliam

544 2918 632 2990 ad
703 2918 1127 2991 sententiam
1195 2916 1708 3012 perveniemus.
1829 2912 2087 3011 Parag.
2161 2914 2431 2987 decima
2505 2918 2691 3011 (pag.
2770 2917 2987 3007 1142,

542 3061 609 3109 v.
683 3038 726 3110 7
769 3016 1054 3133 prolix.)
1122 3043 1409 3109 exstant
1477 3036 1696 3108 verba
1765 3034 1977 3107 haec:
2055 3031 2405 3123 πολλάκις
2473 3041 2651 3127 ἐμοῦ
2716 3062 2990 3133 προκα-

545 3164 950 3251 λεσαμένου
984 3163 1105 3231 καὶ
1137 3153 1667 3257 ἐξαιτήσαντος
1720 3151 1853 3254 τὴν
1908 3152 2339 3253 ἄνθρωπον,
2394 3158 2517 3227 καὶ
2570 3150 2726 3227 τότε
2780 3152 2989 3242 τὀἷξι-

543 3284 803 3367 οὐντος
850 3272 1454 3378 παραλαμβάνειν
1490 3279 1613 3348 καὶ
1647 3271 1829 3368 μετὰ
1868 3270 1999 3373 τὴν
2056 3276 2285 3371 δίκην,
2342 3278 2465 3347 καὶ
2490 3268 2617 3346 ’ὅτε
2672 3278 2982 3361 ἐξέτινον

545 3395 819 3487 αὐτοῖς,
890 3402 1014 3471 καὶ
1067 3396 1170 3495 ἐφ’
1233 3389 1282 3499 ᾗ
1346 3392 1477 3486 ἐγώ
1546 3397 1709 3500 δίκῃ
1770 3391 1894 3467 τὸν
1956 3390 2343 3491 Θεόφημον
2397 3390 2630 3467 διώκω
2688 3400 2820 3493 τῆς
2872 3402 2986 3466 αἰ-

544 3520 763 3607 κείας,
802 3522 922 3590 καὶ
959 3525 1034 3589 ἐν
1073 3524 1156 3623 τῇ
1199 3513 1568 3612 ἀνακρίσει
1611 3522 1754 3587 τῶν
1790 3518 2462 3614 ψευδομαρτυριῶν.
2563 3512 2915 3586 Videmus
2938 3510 2986 3605 ¹)

542 3636 769 3732 igitur
805 3642 1108 3709 actorem
1143 3656 1284 3708 non
1325 3635 1539 3707 semel
1578 3635 1698 3707 sed
1752 3634 2011 3707 iterum
2065 3640 2273 3729 atque
2326 3633 2586 3705 iterum
2642 3632 2988 3705 ancillam

542 3757 1004 3852 torquendam
1070 3756 1486 3851 poposcisse.
1624 3754 1823 3827 Haec
1895 3753 2181 3826 diversa
2260 3760 2574 3849 tempora
2663 3753 2988 3825 seiuncta

546 3882 718 3948 sunt
750 3898 917 3949 voce
951 3880 1157 3970 ‚nai‘3
1216 3882 1424 3970 atque
1460 3874 1860 3947 coniunctio
1901 3878 2102 3963 ,καίᾎ
2156 3895 2337 3967 quae
2390 3880 2497 3945 est
2550 3878 2714 3947 ante
2768 3872 2987 3944 verba

541 3999 680 4094 ,ἐφ’
732 3990 781 4101 ᾗ
834 3993 964 4087 ἐγὼ
1020 3998 1206 4101 δίκῃ(
1260 4018 1313 4068 9.
1365 4018 1427 4089 q.
1483 4018 1538 4067 s,
1608 3993 1841 4067 eodem
1902 3994 2050 4065 loeo
2111 4000 2218 4064 est
2269 3992 2498 4088 posita
2553 4000 2763 4086 atque
2816 3996 2989 4079 ,καίς

545 4113 662 4189 ὅτε
711 4120 1020 4204 ἐξέτινον
1072 4122 1138 4187 et
1189 4119 1369 4205 ,ual‘
1421 4124 1495 4189 ἐν
1551 4122 1635 4221 τῇ
1694 4113 2097 4214 ἀνακρίσει,
2151 4121 2233 4185 ut
2284 4135 2427 4185 vox
2479 4115 2653 4200 ‚uac'‘
2704 4140 2779 4206 μ.
2823 4142 2883 4187 τ.
2928 4114 2986 4183 d.

543 4237 960 4333 respondeat
1032 4239 1204 4322 ‚uac'‘
1272 4232 1428 4308 τότε
1482 4235 1538 4308 τ’
1594 4232 1988 4323 ἀξιοῦντος.
2092 4232 2382 4328 Apertis
2447 4232 2674 4329 igitur
2746 4231 2985 4303 verbis

720 4492 756 4557 ¹)
792 4490 864 4550 cf.
899 4490 1141 4562 Lipsius
1176 4490 1242 4549 in
1275 4490 1478 4549 Meier.
1515 4493 1576 4549 et
1612 4488 1879 4549 Schoem.
1912 4488 2025 4545 litt.
2062 4487 2183 4546 Att.
2220 4485 2301 4555 ΙΙ,
2330 4502 2465 4555 pag.
2501 4487 2606 4545 860
2640 4488 2761 4543 not.
2796 4485 2915 4543 258.
2982 4498 2987 4507 ·
