3200 5150
1533 378 2046 458 —14—-,
2784 431 2819 464 5

559 582 722 655 eius
749 579 1126 654 refutanda
1152 587 1276 654 est.
1339 581 1598 678 Parag.
1620 582 1719 654 45
1748 585 1933 678 (pag.
1955 581 2173 674 1153,
2188 605 2254 657 v,
2268 581 2343 672 4)
2370 581 2563 654 enim
2588 584 3007 680 ,dtamywl‘

563 707 1225 794 commemorantur,
1285 723 1448 774 cum
1513 701 2085 776 antecedentibus
2138 707 2207 774 et
2259 701 2715 798 sequentibus
2770 702 3006 776 verbis

562 813 844 918 semper
895 821 976 894 de
1027 843 1168 894 uno
1219 821 1484 894 diateta
1537 827 1827 918 agatur;
1886 845 1969 895 ac
2022 822 2202 918 quod
2255 820 2551 894 Platner
2602 821 2715 916 (ef.
2749 821 2876 896 1.1.
2918 821 3007 914 ΙΙ,

563 943 768 1036 201),
799 946 880 1014 ut
913 941 1268 1037 pluralem
1301 963 1681 1014 numerum
1724 941 2067 1034 defendat,
2104 941 2308 1015 dicit:
2366 941 2506 1034 ,der
2538 941 2796 1015 Plural
2829 943 3007 1038 wird

560 1061 960 1158 gebraucht
1029 1083 1154 1133 um
1224 1059 1628 1157 uberhaupt
1699 1061 1809 1134 die
1860 1061 2160 1136 Instanz
2232 1085 2324 1134 zu
2393 1061 2867 1155 bezeichnen‘,
2936 1063 3007 1136 id

560 1181 841 1254 falsum
876 1186 984 1254 est
1030 1179 1114 1254 ob
1167 1203 1326 1254 eam
1378 1202 1694 1273 causam,
1746 1181 1925 1277 quod
1978 1189 2133 1254 tum
2186 1181 2574 1256 articulum
2628 1182 2717 1255 ad
2768 1205 3006 1256 vocem

565 1305 1022 1400 ,διαιτητῶν
1095 1299 1260 1374 addi
1323 1322 1498 1396 opus
1562 1306 1687 1374 est.
1790 1301 2167 1376 Praeterea
2220 1306 2856 1376 commemorantur
2905 1309 3009 1392 ,ai

563 1425 789 1496 δίκαι’
817 1417 886 1508 1).
989 1419 1140 1517 Ego
1202 1420 1277 1493 id
1340 1420 1635 1494 addam:
1712 1419 1776 1494 si
1837 1444 2067 1494 unum
2117 1421 2347 1495 fuisse
2398 1421 2749 1496 arbitrum
2801 1429 3006 1518 puta-

564 1563 830 1632 remUS,
890 1563 1033 1613 non
1087 1539 1530 1633 haberemuS,
1589 1541 1925 1637 quomodo
1976 1541 2498 1638 explicaremus
2551 1547 3009 1637 provocatum

561 1683 725 1734 esse
763 1661 850 1732 ad
891 1660 1194 1754 iudices;
1249 1659 1441 1733 haud
1479 1661 1687 1734 dubie
1740 1662 1931 1734 enim
1985 1663 2073 1736 ad
2124 1661 2393 1734 iudices
2447 1662 2815 1758 provocari
2868 1684 3009 1734 non

569 1779 830 1854 licebat
865 1780 982 1852 vel
1017 1803 1158 1853 non
1193 1787 1482 1876 poterat,
1533 1780 1682 1854 nisi
1718 1805 1762 1854 a
1798 1781 2100 1855 diaeteta
2136 1789 2348 1855 antea
2381 1781 2729 1854 iudicium
2765 1782 3009 1855 datum

561 1906 738 1974 erat.
842 1901 953 1972 Ac
989 1921 1150 1972 cum
1186 1897 1382 1974 infra
1417 1901 1873 1997 expositurus
1912 1901 2051 1974 sim
2086 1924 2314 1974 unum
2358 1901 2612 1974 arbitri
2663 1901 3011 1974 iudicium

569 2019 1020 2116 paragraphe
1097 2026 1164 2091 et
1234 2018 1657 2116 hypomosia
1732 2045 1777 2094 a
1842 2021 2280 2118 Theophemo
2346 2021 2786 2118 interpositis
2855 2045 3010 2094 esse

560 2139 890 2232 dilatum,
943 2139 1248 2212 alterum
1295 2139 1643 2214 iudicium
1696 2142 1785 2215 ab
1840 2141 2103 2214 arbitro
2154 2141 2385 2214 latum
2438 2165 2593 2215 esse
2646 2141 2849 2215 nobis
2902 2149 3012 2215 est

562 2259 1146 2332 existimandum.
1265 2260 1515 2356 Itaque
1580 2261 1741 2333 fieri
1813 2283 1955 2334 non
2023 2267 2267 2358 potest,
2330 2267 2409 2334 ut
2472 2261 2604 2334 uni
2668 2261 3017 2335 diaetetae.

561 2379 749 2452 duas
814 2379 985 2451 illas
1055 2402 1316 2452 causas
1385 2380 1883 2476 disceptandas
1947 2381 2251 2456 traditas
2312 2403 2468 2455 esse
2530 2404 2790 2477 easque
2842 2403 3009 2455 con-

560 2499 850 2573 iunctas
904 2504 1252 2595 putemus.
2452 2491 2467 2512 '
2643 2491 2649 2498 ¹

775 2618 1097 2721 Fuerunt
1130 2618 1356 2716 igitur
1391 2618 1524 2691 duo
1561 2619 1836 2712 arbitri,
1885 2644 2181 2717 quorum
2221 2621 2430 2695 alteri
2466 2622 2724 2695 actoris
2769 2644 3017 2714 causa,

564 2738 780 2811 alteri
832 2738 1258 2834 Theophemi
1308 2738 1543 2811 delata
1595 2748 1719 2813 est.

773 2858 932 2931 Iam
985 2859 1074 2932 ad
1142 2881 1440 2933 oausam
1504 2858 1742 2954 ipsam
1806 2860 2210 2934 redeamus:
2282 2863 2531 2935 verba:
2625 2858 2895 2961 ,ἐπειδὴ
2962 2861 3013 2961 ἡ

565 2974 948 3081 ἀπόφασις
983 2967 1075 3078 ἦν
1112 2984 1242 3079 τῆς
1279 2980 1482 3077 δίκης
1518 2978 1556 3051 ὁ
1603 2976 1983 3080 Θεόφημος
2035 2978 2532 3083 παρεγράφετο
2588 2985 2708 3055 καὶ
2759 2978 3012 3075 ὑπώμ-

567 3103 768 3171 νυτο(
843 3097 1176 3193 quomodo
1245 3097 1392 3171 sint
1460 3098 1901 3194 explicanda,
1968 3105 2049 3172 ut
2108 3123 2477 3197 exponam,
2546 3098 2757 3175 liceat
2823 3100 3011 3173 mihi

561 3217 917 3291 nonnulla
969 3217 1432 3314 praemittere.

774 3337 1153 3435 Quaeritur
1187 3338 1520 3433 primum,
1571 3339 1905 3435 quomodo
1942 3340 2008 3411 is
2053 3339 2201 3413 dies
2256 3336 2653 3414 destinatus
2707 3341 2821 3433 sit,
2872 3364 3010 3435 quo

563 3457 948 3530 arbitrium
1017 3456 1320 3531 daretur.
1424 3456 1645 3547 Quem
1695 3458 1881 3531 diem
1936 3484 1979 3533 a
2033 3459 2334 3533 diaeteta
2387 3461 2533 3535 solo
2583 3482 2739 3533 esse
2792 3460 3009 3533 desti-

566 3582 821 3651 natum
871 3575 1149 3649 Hubert
1202 3576 1313 3671 (cf.
1355 3576 1400 3649 l.
1434 3576 1480 3653 1.
1533 3599 1695 3674 pag.
1730 3579 1865 3676 43)
1918 3579 2320 3673 existimat3
2376 3579 2601 3661 Meier
2614 3575 2669 3673 2)
2724 3579 2909 3652 diem
2962 3604 3011 3653 a

559 3696 870 3771 diaeteta
919 3695 1375 3792 litigantibus
1440 3698 2043 3772 consentientibus
2096 3700 2559 3773 constitutum
2612 3722 2767 3773 esse
2820 3699 3011 3791 dicit,

567 3816 716 3889 nisi
767 3815 892 3889 ille
944 3816 1092 3889 dies
1145 3814 1299 3913 lege
1350 3815 1568 3889 fuerit
1619 3819 2119 3916 praescriptus
2224 3818 2379 3908 Qua
2430 3818 2513 3892 de
2565 3841 2641 3897 re
2694 3819 2827 3891 duo
2874 3818 3005 3891 ha·

745 4017 783 4084 ¹)
818 4017 894 4075 cf.
929 4017 1210 4078 Schulze:
1259 4018 1518 4089 prolegg.
1561 4019 1629 4078 in
1662 4018 2080 4081 Demosthenis
2126 4038 2279 4093 quae
2322 4022 2511 4082 fertur
2544 4020 2870 4081 orationem
2902 4022 3009 4080 ad·

561 4119 778 4162 versus
812 4103 1182 4173 Apaturium,
1226 4120 1357 4175 pag.
1390 4105 1462 4163 20
1501 4109 1623 4163 not.
1658 4106 1710 4163 2.
1777 4104 2035 4165 Heffter:
2090 4105 2206 4167 Die
2247 4106 2662 4167 athenaeische
2704 4104 3009 4167 Gerichts·

565 4187 932 4259 versassung‚
969 4188 1119 4249 Coln
1154 4190 1303 4259 1822,
1344 4206 1478 4260 pag.
1509 4190 1629 4249 432.
1699 4190 1942 4263 Lipsius
1987 4192 2062 4251 cf.
2096 4192 2297 4253 Meier.
2333 4198 2395 4253 et
2430 4192 2698 4253 Schoem.
2734 4192 2849 4253 litt.
2883 4195 3009 4252 Att.

561 4272 644 4341 (2)
681 4271 760 4342 II,
794 4290 926 4345 pag.
959 4275 1064 4333 858
1097 4278 1216 4334 not.
1251 4274 1372 4334 252.

738 4358 780 4424 ²)
815 4358 890 4418 cf.
913 4358 988 4419 H.
1011 4358 1082 4419 E.
1103 4358 1310 4421 Meier-i
1342 4360 1508 4421 libri:
1547 4360 1646 4421 die
1666 4360 2332 4424 Privatschiedsrichter
2352 4364 2478 4423 und
2502 4362 2599 4425 die
2623 4365 3011 4427 offentlichen

561 4441 882 4504 Diaeteten
914 4445 1163 4516 Athens
1197 4444 1374 4507 Halle
1409 4447 1560 4518 1846,
1593 4464 1725 4518 pag.
1760 4449 1844 4507 25.
