3200 5150
355 675 372 697 .
411 605 493 654 se
525 589 736 678 patet,
786 589 1076 677 tumque
1119 583 1340 655 actori
1389 591 1671 679 propter
1722 584 1911 656 alias
1964 606 2235 678 quoque
2286 583 2599 656 iniurias
2636 582 2873 656 Theo-

415 703 752 798 phemum
829 703 908 774 in
987 703 1104 775 ius
1185 725 1438 776 vocare
1507 704 1707 776 lieet}
1844 702 2165 800 Denique
2232 702 2425 776 Uhle
2488 703 2571 775 de
2636 725 2880 776 causa

415 822 685 895 iudicat
749 822 878 894 hoo
948 822 1179 894 modo:
1262 831 1443 913 ,cum
1518 831 1751 896 orator
1816 823 2053 918 prima
2124 824 2203 895 111
2266 829 2466 918 parte
2518 823 2875 896 orationis
2936 837 2941 840 ’

413 941 776 1038 Euergum
813 949 882 1014 et
915 941 1404 1015 Mnesibulum
1455 941 1631 1016 falsi
1684 943 2075 1016 testimonii
2128 964 2507 1039 coarguere
2561 943 2875 1036 studeat,

416 1062 494 1134 111
546 1061 774 1135 altera
825 1067 1058 1134 autem
1114 1083 1356 1135 omnes
1410 1063 1635 1156 rian,
1698 1086 1879 1158 quae
1932 1063 2157 1135 actori
2208 1085 2370 1136 oum
2421 1062 2874 1158 Theophemo

415 1187 639 1274 erant,
689 1181 929 1254 fusius
965 1188 1265 1273 enarret,
1319 1181 1474 1254 sine
1527 1183 1757 1275 dubio,
1807 1190 1889 1255 ut
1940 1182 2209 1256 iudices
2260 1206 2377 1255 reo
2428 1183 2879 1274 irascantur,

421 1301 733 1374 maxime
799 1307 1182 1396 propterea,
1245 1302 1426 1397 quod
1491 1301 1572 1374 in
1628 1303 1886 1375 actoris
1936 1303 2147 1375 aedes
2201 1303 2571 1396 invaserit,
2636 1303 2865 1375 actori

419 1428 655 1494 autem
692 1421 1004 1512 faveant,
1057 1443 1355 1515 eumque
1389 1443 1633 1519 parag.
1668 1423 1769 1496 48
1804 1422 2031 1496 dieat:
2088 1425 2354 1524 διπλῆν
2408 1413 2538 1496 οὖν
2592 1419 2879 1512 αὐτοὺς

407 1544 520 1616 ’δεῖ
557 1544 762 1640 δίκην
806 1542 1088 1630 δοῦναι,
1145 1539 1258 1613 ὅτι
1305 1569 1376 1614 τε
1428 1539 1891 1642 ἐξηπάτησαν
1948 1569 2115 1633 τους
2168 1541 2521 1633 δικαστὰς
2574 1545 2877 1641 ψευδεῖς

419 1665 828 1759 μαρτυρίας
897 1657 1470 1759 παρασχόμενοι,
1543 1665 1900 1760 κηδεστοῦ
1970 1665 2093 1735 καὶ
2158 1660 2498 1762 ἀδελφοῦ,
2574 1665 2696 1734 καὶ
2746 1656 2868 1733 ὅτι

415 1787 539 1874 ἐμὲ
603 1777 982 1880 ἠδίκησαν,
1053 1802 1197 1851 11011
1263 1780 1685 1874 dubitarim,
1761 1781 1937 1876 quin
2012 1781 2149 1854 hac
2224 1789 2481 1854 nostra
2547 1779 2874 1853 oratione

415 1922 638 1972 031133
699 1904 976 1989 αἰκείας
1047 1899 1136 1972 31)
1203 1907 1433 1974 actore
1500 1902 1579 1973 in
1631 1900 2151 1997 Theophemum
2206 1901 2545 1974 instituta
2597 1907 2867 1997 agatur

411 2042 630 2115 eaque
710 2027 903 2093 actor
979 2019 1254 2092 efficere
1333 2021 1540 2113 velit,
1626 2031 1707 2093 ut
1786 2021 2245 2094 adversarius
2326 2026 2603 2110 αἰκείας
2692 2042 2869 2093 eon-

413 2139 813 2214 demneturf

619 2257 752 2332 Sed
819 2259 1242 2356 priusquam
1304 2283 1420 2351 ea,
1490 2283 1671 2355 quae
1743 2260 2007 2333 harum
2078 2260 2596 2333 sententiarum
2660 2260 2869 2334 falsa

411 2401 568 2452 esse
634 2379 815 2452 mihi
865 2379 1200 2452 videntur
1250 2380 1698 2476 redarguam,
1764 2380 1977 2453 liceat
2028 2380 2209 2453 mihi
2263 2402 2623 2476 exponere,
2687 2379 2869 2474 quid

404 2522 538 2597 ego
613 2500 694 2573 de
773 2517 996 2574 causa
1075 2506 1320 2573 nostra
1401 2499 1971 2597 excogitaverim.
2108 2502 2341 2596 Atque
2420 2522 2863 2595 quamquam

415 2618 770 2693 consentio
847 2643 1008 2693 eum
1071 2619 1590 2712 Schoemanno,
1679 2629 1917 2693 tamen
2004 2620 2412 2695 acouratius
2490 2620 2671 2692 mihi
2738 2642 2871 2692 res

413 2744 523 2812 est
583 2739 1010 2835 exponenda.
1113 2740 1395 2835 Oportet
1461 2740 1652 2812 enim
1705 2741 2019 2835 primum
2072 2763 2187 2812 eos
2241 2740 2427 2813 locos
2478 2740 2873 2835 inquirere,

405 2860 672 2954 quibus
740 2859 822 2931 de
886 2880 1110 2933 031133
1179 2859 1437 2955 agitur.
1541 2862 1776 2955 Atque
1846 2860 1997 2932 iam
2062 2858 2318 2955 primis
2371 2858 2867 2956 paragraphis

413 2986 608 3051 actor
642 2980 928 3074 exponit
962 2980 1044 3052 de
1081 3002 1303 3053 031133
1339 2982 1947 3077 ψευδομαρτυριιῦ
1959 3009 2013 3052 ν.
2116 2980 2583 3077 Paragrapho
2620 2980 2863 3075 prima

414 3099 584 3172 dicit
649 3100 1000 3195 reliquam
1063 3100 1264 3172 viam
1327 3122 1482 3173 esse
1553 3099 1753 3172 litem
1819 3102 2496 3199 ψευδομαρτυριῶν,
2570 3100 2636 3171 31
2688 3098 2869 3194 quis

411 3220 774 3314 putaverit
845 3242 921 3291 se
988 3220 1415 3292 testimoniis
1484 3219 1699 3291 falsis
1766 3217 2012 3292 allatis
2081 3242 2235 3293 esse
2314 3219 2863 3292 condemnatum

414 3346 481 3411 et
543 3339 743 3411 litem
808 3344 1288 3431 κακοτεχνιῶν
1354 3339 1432 3411 111
1501 3361 1682 3431 eum,
1748 3339 1872 3433 qui
1936 3339 2101 3411 illos
2166 3339 2571 3413 adhibuerit
2620 3344 2871 3412 testes,

416 3460 748 3533 Oratione
815 3465 1063 3531 nostra
1115 3458 1196 3531 de
1249 3458 1374 3531 lite
1431 3466 1911 3550 κακοτεχνιῶν
1965 3479 2104 3531 11011
2158 3458 2278 3555 agi
2334 3465 2625 3555 apparet
2672 3458 2873 3551 inde,

414 3580 593 3673 quod
647 3602 731 3652 ea
782 3578 877 3650 113
932 3577 1218 3650 institui
1270 3600 1412 3651 non
1465 3584 1753 3673 poterat,
1812 3578 1961 3650 nisi
2014 3585 2225 3651 antea
2277 3585 2492 3651 testes
2547 3577 2861 3650 convicti

413 3706 635 3772 erant.
737 3698 977 3771 Etiam
1013 3698 1493 3794 paragraphis
1531 3697 1759 3770 altera
1794 3706 1863 3771 et
1898 3699 2111 3771 tertia
2151 3697 2233 3770 de
2286 3698 2497 3771 falsis
2548 3697 2864 3771 testibus

415 3826 800 3891 tractatur:
858 3818 1089 3890 dicam
1129 3821 1782 3916 ψευδομαρτυριῶν
1820 3818 1905 3911 ei,
1955 3818 2079 3912 qui
2130 3817 2530 3909 intenderit,
2580 3816 2867 3889 minore

414 3962 574 4010 cum
639 3937 952 4033 periculo
1015 3960 1171 4010 esse
1233 3938 1704 4030 coniunctam,
1774 3960 1989 4032 quam
2044 3939 2126 4030 ei,
2197 3944 2443 4010 contra
2494 3959 2703 4031 quem
2756 3936 2861 4008 sit

412 4058 779 4150 instituta,
871 4080 1035 4129 eum
1124 4056 1395 4129 iudices
1485 4064 1699 4130 testes
1792 4056 2158 4131 audientes
2244 4056 2511 4130 iudicia
2600 4056 2864 4129 ferant.

413 4177 876 4275 Paragrapho
913 4178 957 4251 9
997 4184 1064 4249 et
1110 4178 1202 4250 10
1242 4184 1528 4250 exstant
1562 4178 1781 4250 verba
1835 4177 2048 4250 haee:
2104 4180 2384 4273 μᾶλλον
2435 4172 2854 4281 προῄρηται

401 4297 596 4391 (scil.
648 4297 1164 4394 Theophemus)
1219 4295 1346 4370 τὸν
1399 4289 1711 4396 ἀδελφὸν
1764 4300 1886 4371 καὶ
1946 4294 2073 4370 τὸν
2126 4292 2477 4396 κηδεστὴν
2530 4298 2855 4395 ψευδο-

407 4446 534 4512 μα
549 4445 708 4518 ρτυ
731 4424 884 4519 ρκι-(ῡ
902 4446 938 4490 ν
983 4414 1039 4491 οἳ
1057 4444 1095 4509 y
1115 4448 1168 4491 ω
1191 4420 1355 4505 νίζε
1376 4426 1557 4490 osta
1575 4445 1602 4489 ι
1671 4414 1718 4516 ἢ
1779 4419 2245 4516 παραδοῦναι
2308 4411 2389 4489 τὸ
2458 4421 2669 4511 σῶμα
2727 4422 2865 4517 τῆς
3030 4467 3200 4523 N

3112 4584 3200 4657 Ue
