3200 5150
1524 408 2037 484 ...40-

555 613 672 687 III
723 613 827 709 (2)
893 637 1055 712 pag.
1125 614 1276 688 544
1333 614 1462 712 sq.)
1538 614 1891 689 contendit
1959 614 2115 688 illis
2184 615 2617 711 temporibus
2689 615 3005 687 Athenis

554 733 936 807 intervallo
969 733 1266 808 duorum
1303 756 1653 810 annorum
1690 735 1885 810 cives
1934 734 2398 810 trierarchiae
2450 757 2741 809 munere
2792 734 3007 830 fungi

556 853 901 948 debuisse,
962 855 1035 928 id
1103 856 1284 952 quod
1357 864 1729 952 appareret
1792 856 1947 954 lege
2014 856 2105 930 ab
2170 857 2373 930 Isaeo
2442 857 2670 930 allata
2740 854 2852 949 (cf.
2910 854 3007 926 Is,

558 973 729 1068 VII,
781 975 919 1048 38:
996 974 1127 1052 οὐκ
1195 984 1270 1052 ἐκ
1323 981 1741 1074 συμμορίας
1796 974 1927 1078 τὴν
1976 983 2159 1051 ναῦν
2214 975 2709 1076 ποιησάμενος
2760 970 3006 1072 ὥσπερ

559 1101 632 1166 οἱ
703 1102 834 1168 νῦν
899 1096 1063 1190 (seit
1111 1095 1564 1171 Periandros’
1624 1097 1879 1172 Gcsetz
1934 1097 2132 1192 357),
2200 1093 2385 1170 ἀλλὰ
2450 1104 2526 1170 ἐκ
2576 1100 2721 1168 τῶν
2774 1093 3009 1168 αὑτοῦ

563 1217 938 1306 δαπανῶν,
993 1213 1160 1290 οὐδὲ
1213 1214 1540 1318 δεύτερος
1593 1215 1819 1309 αὐτὸς
1871 1215 1973 1292 ὦν
2028 1213 2213 1292 ἀλλὰ
2267 1212 2454 1292 κατὰ
2506 1213 2767 1312 μόνας,
2834 1211 3007 1287 οὐδὲ

559 1330 686 1408 δύο
750 1341 874 1436 ἔτη
940 1335 1298 1411 διαλιπών
1350 1333 1536 1411 ἀλλὰ
1603 1339 1985 1433 συνεχῶς),
2066 1339 2307 1434 itaque
2368 1342 2669 1409 actorem
2736 1334 3003 1407 iterum

557 1453 784 1528 fuisse
833 1456 1306 1531 trierarchum
1361 1482 1550 1532 anno
1603 1453 1841 1556 354s3
1892 1457 1937 1532 i.
1972 1481 2027 1532 e.
2064 1457 2169 1532 01.
2209 1458 2379 1552 106,
2418 1457 2484 1530 3.
2586 1454 2723 1528 Sed
2776 1477 3005 1527 causa

559 1599 602 1648 a
653 1573 942 1650 Blaesio
993 1577 1220 1652 allata
1272 1579 1590 1675 quaestio
1642 1602 1783 1652 non
1838 1579 2159 1652 solvitur.
2260 1576 2507 1651 Bockh
2562 1575 2677 1668 (cf.
2714 1573 3005 1648 Seeurk.

561 1718 720 1793 pag.
762 1696 936 1792 175)
999 1699 1190 1772 enim
1257 1700 1545 1795 exponit
1612 1699 1822 1772 haec:
1898 1697 2125 1792 ‚Nach
2177 1699 2353 1793 dem,
2417 1721 2573 1770 was
2638 1697 2717 1768 in
2770 1694 3006 1768 Isaios

559 1816 817 1890 letzten
869 1819 1112 1892 Zeiten
1165 1819 1339 1916 galt,
1403 1820 1664 1894 konnte
1716 1843 1887 1894 man
1939 1818 2319 1894 hochstens
2372 1819 2513 1892 alle
2562 1816 2710 1890 drei
2762 1816 2813 1888 J
2814 1815 3010 1907 ahre,

564 1937 750 2010 nach
789 1939 1283 2037 zweijahriger
1315 1937 1544 2034 Ruhe,
1595 1964 1727 2014 zur
1758 1939 2203 2014 Trierarchie
2254 1960 2653 2038 angezogen
2705 1936 3010 2028 werden,

561 2059 881 2156 obgleich
931 2060 1235 2133 manche
1285 2083 1426 2132 von
1479 2061 1709 2134 dieser
1762 2061 2002 2134 Gunst
2048 2061 2170 2134 des
2226 2061 2556 2134 Gesetzes
2609 2056 2812 2130 nicht
2868 2056 3005 2130 Ge-

559 2180 832 2253 brauch
867 2180 1234 2274 maohten3
1274 2239 1288 2254 .
1329 2239 1342 2253 .
1379 2239 1393 2253 .
1429 2239 1444 2253 .
1501 2183 1692 2254 Abel·
1724 2181 1895 2255 dass
1930 2183 2125 2254 einer
2160 2181 2479 2254 mehrere
2511 2179 2559 2252 J
2563 2178 2736 2252 ahre
2772 2177 3003 2250 nach-

558 2299 898 2374 einander
931 2301 1010 2372 in
1045 2301 1168 2374 der
1202 2299 1600 2395 Symmorie
1635 2302 2035 2376 beisteuern
2068 2308 2363 2395 musste,
2414 2299 2655 2375 zumal
2710 2299 3005 2371 seitdem

561 2421 670 2493 die
705 2419 1150 2494 Trierarohie
1193 2421 1324 2494 auf
1371 2422 1482 2494 die
1517 2421 1936 2520 Schatzung
1986 2420 2547 2520 zurflckgefiihrt
2596 2441 2771 2512 war,
2820 2418 3005 2490 wird

564 2541 955 2640 allerdings
1023 2564 1537 2639 angenommen
1595 2542 1877 2618 werden
1930 2550 2261 2639 mussen3
2333 2542 2482 2616 und
2534 2540 2687 2615 also
2740 2540 3007 2614 konnte

560 2663 755 2734 einer
827 2663 1014 2737 auch
1083 2663 1402 2737 mehrere
1466 2664 1514 2737 J
1517 2664 1691 2737 ahre
1772 2664 2303 2738 nacheinander
2376 2664 2489 2737 als
2562 2662 2813 2759 Haupt
2886 2662 3007 2734 der

561 2780 958 2876 Symmorie
993 2782 1103 2857 die
1138 2790 1322 2857 erste
1357 2784 1917 2882 Verpflichtung
1950 2784 2070 2857 fiir
2112 2786 2223 2859 die
2258 2784 2689 2881 Leistungen
2731 2782 3006 2855 haben}

562 2946 661 2953 ——
716 2901 864 2990 Quo
917 2926 1104 2978 anno
1147 2903 1620 2978 Alcimachus
1672 2904 1888 2977 fuerit
1934 2904 2084 2977 dux
2136 2904 2516 2977 nescimus,
2620 2902 2754 2977 Sed
2808 2908 3008 2977 actor

560 3046 637 3095 re
715 3045 889 3097 vera
969 3025 1173 3121 prius
1258 3048 1470 3121 quam
1540 3025 1839 3098 duorum
1908 3048 2257 3099 annorum
2327 3024 2709 3099 intervallo
2781 3024 3005 3095 inter-

561 3143 788 3239 posito
851 3145 1109 3218 iterum
1179 3145 1621 3219 trierarchus
1691 3146 1919 3219 fuisse
1988 3146 2169 3219 mihi
2238 3146 2539 3219 videtur.
2638 3145 3007 3218 Ponamus

563 3270 866 3337 actorem
935 3265 1024 3338 ab
1095 3266 1451 3340 iudicibus
1524 3290 1681 3339 esse
1747 3266 2163 3340 damnatum
2237 3272 2535 3339 exeunte
2600 3266 2743 3339 fere
2814 3287 3007 3337 311110

564 3380 798 3481 356s5
867 3386 950 3457 ob
1017 3408 1174 3458 eam
1227 3409 1542 3480 causam,
1610 3386 1789 3482 quod
1824 3387 2365 3483 Theophemum,
2416 3410 2505 3458 ne
2557 3386 2907 3459 iudicium
2965 3408 3008 3456 a

564 3503 962 3597 Pythodoro
1023 3505 1324 3580 diaeteta
1390 3507 1637 3580 datum
1689 3511 1928 3579 ratum
1980 3508 2197 3601 fieret,
2248 3508 2415 3581 dare
2468 3530 2747 3603 operam
2802 3528 3006 3601 opor·-

563 3624 721 3717 tuit,
787 3630 868 3696 ut
933 3624 1203 3698 iudices
1277 3649 1494 3723 quam
1560 3626 1923 3701 celerrime
1990 3628 2337 3702 iudicium
2390 3628 2670 3701 ferrent.
2772 3627 2885 3699 Ac
2943 3626 3007 3698 si

562 3744 871 3818 facimus
945 3746 1166 3819 actori
1236 3748 1538 3820 multam
1602 3748 1801 3820 intra
1866 3770 2005 3819 non
2072 3748 2294 3821 nimis
2358 3748 2653 3845 longum
2719 3753 3007 3842 tempus

564 3864 976 3939 solvendam
1011 3866 1238 3940 fuisse
1264 3862 1312 3961 ¹)
1347 3856 1903 3959 existimandum
1942 3874 2049 3941 est
2102 3876 2403 3942 actorem
2458 3869 2718 3941 iterum
2771 3866 3005 3940 fuisse

565 3985 1039 4059 trierarchum
1101 4010 1287 4060 anno
1340 3983 1576 4086 355s4
1629 3987 1760 4083 (Ol.
1821 3988 1985 4083 106,
2038 3990 2129 4082 2).
2232 3990 2423 4079 Quod
2476 3989 2633 4063 fieri
2685 3988 3009 4083 potuisse

740 4243 778 4309 ¹)
813 4240 876 4300 id
919 4241 1080 4301 enim
1124 4242 1274 4301 mihi
1321 4242 1565 4313 quidem
1611 4240 1937 4303 verisimile
1982 4260 2115 4303 esse
2158 4242 2419 4315 videtur,
2466 4241 2818 4315 praesertim
2862 4259 3007 4301 cum

563 4327 734 4387 dives
756 4325 938 4387 fuerit
958 4332 1145 4396 actor;
1182 4328 1342 4399 apud
1367 4328 1687 4399 scriptores
1709 4327 1916 4389 nullus
1950 4333 2148 4388 exstat
2181 4329 2365 4401 loona,
2400 4347 2520 4400 quo
2554 4326 3007 4399 comperiamus,

561 4418 764 4473 utrum
810 4412 1041 4483 legibus
1083 4413 1266 4473 fuerit
1309 4414 1702 4474 constitutum
1741 4418 2007 4487 tempus,
2050 4416 2209 4474 intra
2251 4414 2411 4485 quod
2454 4414 2643 4473 multa
2685 4417 2844 4474 esset
2888 4414 3007 4474 sol—

562 4499 770 4570 venda,
806 4516 882 4558 311
915 4498 979 4559 id
1013 4500 1170 4561 inter
1201 4498 1569 4562 adversarios
1604 4502 1965 4563 convenerit.

3160 3799 3177 4178 ἑ
