3200 5150
1164 378 1671 486 —29—-ss

399 621 554 692 Iam
593 627 1045 692 transeamus
1084 620 1172 692 ad
1226 620 1727 714 quaestionem,
1778 641 2129 716 quaenam
2182 619 2341 691 dica
2391 624 2647 692 nostra

176 740 502 813 eratione
537 739 894 812 instructa
930 740 1040 812 sit.
1145 739 1300 828 Qua
1341 738 1423 811 de
1476 739 1884 834 quaestione
1938 762 2370 834 quamquam
2424 739 2638 810 multi

196 861 340 932 viri
403 860 584 932 docti
651 859 1219 955 disputaverunt,
1283 867 1525 932 tamen
1591 881 1732 930 non
1786 859 2041 930 inutile
2093 859 2238 930 fore
2290 858 2651 951 ex‘istimQ.

199 981 262 1053 si
313 981 536 1052 denuo
590 980 780 1052 hano
832 981 910 1051 in
964 1003 1114 1052 rem
1167 979 1587 1075 inquiretur.

398 1100 553 1172 Duo
622 1107 792 1172 sunt
865 1106 1137 1192 castra,
1207 1100 1286 1171 in
1360 1122 1540 1194 quae
1611 1098 1756 1169 viri
1823 1098 2005 1171 docti
2081 1106 2252 1171 sunt
2317 1098 2649 1195 digressi„

197 1216 406 1292 Unus
445 1261 542 1272 -—
578 1219 771 1292 Uhle
809 1261 906 1272 -—
959 1225 1027 1290 et
1077 1219 1157 1291 de
1212 1219 1389 1312 dica,
1441 1242 1622 1313 quae
1676 1218 1934 1290 dieitur
1986 1221 2633 1318 ψευδομαρτυρῶν

197 1345 261 1411 et
325 1340 407 1411 de
460 1339 620 1412 dica
681 1345 984 1429 αἰκείας,
1054 1339 1313 1433 reliqui
1383 1338 1535 1411 Sola
1608 1339 1689 1410 de
1757 1337 1915 1411 dica
1987 1325 2650 1437 ψευδομαρτυριῶν·

198 1459 316 1556 agi
371 1460 814 1533 contendunt.

399 1578 499 1652 Ut
566 1580 1049 1674 quaestionem
1118 1579 1609 1674 disceptemus,
1684 1599 1857 1672 opus
1926 1584 2036 1649 est
2106 1599 2220 1650 res
2292 1577 2641 1672 quasdam

194 1699 658 1794 praemittere.

400 1821 506 1891 Αο
572 1819 886 1915 primum
958 1818 1239 1914 quidem
1311 1817 1789 1912 quaerendum
1843 1823 1969 1908 est,
2039 1839 2391 1910 quaenam
2445 1815 2656 1888 dicae·

191 1938 479 2011 institui
551 1939 924 2034 potuerint‚
995 1933 1132 2010 ubi'
1197 1937 1463 2032 aliquis
1537 1937 1899 2033 putaverit
1974 1959 2049 2007 se
2122 1934 2212 2006 ab
2284 1934 2641 2008 iudicibus

193 2059 462 2130 iniuste
527 2081 682 2130 esse
749 2057 1168 2130 damnatum
1234 2057 1663 2130 testimoniis
1736 2058 1825 2129 ab
1877 2055 2306 2128 'adversario
2376 2054 2662 2148 allatis‚.

193 2201 510 2274 quaeque
562 2177 700 2250 has
754 2177 952 2250 dieas
1009 2177 1158 2249 sint
1212 2183 1472 2249 secuta.
2544 2182 2549 2188 ’

399 2297 563 2394 Ipse
647 2296 819 2368 dicit
893 2303 1086 2369 actor
1167 2297 1477 2369 oratione
1545 2297 1835 2368 ineunte
1912 2297 2133 2368 bonas
2204 2317 2359 2366 esse
2428 2294 2662 2391 leges‚.

195 2441 377 2514 quae
453 2417 899 2513 permittant,
981 2423 1093 2509 ut,
1165 2416 1230 2488 si
1313 2417 1475 2511 quis
1551 2415 1775 2488 falsos
1846 2422 2059 2488 testes
2136 2414 2484 2507 attulerit,
2562 2413 2645 2486 hi

192 2545 409 2612 testes
474 2536 648 2611 falsi
725 2535 1115 2610 testimonii
1186 2535 1893 2641 (ψευδομαρτυριῶν)
1968 2535 2297 2609 accusari
2365 2533 2664 2631 possint.

193 2666 259 2731 e't
325 2665 411 2730 u't
480 2659 580 2751 is,
653 2658 776 2754 qui
841 2658 1008 2730 illos
1074 2664 1290 2729 testes
1359 2638 1548 2753 apud
1617 2656 1911 2729 iudices·
1964 2655 2367 2751 protulerit,
2442 2655 2657 2727 dam--

195 2787 410 2853 netur
445 2784 944 2871 κακοτεχνιῶν.
1047 2776 1293 2851 Verba
1335 2783 1507 2850 sunt
1559 2775 1773 2849 haec:
1834 2781 2073 2866 καλῶς
2122 2803 2251 2869 μοι
2304 2777 2657 2847 δοκοῦσιν·

195 2906 263 2973 οἱ
336 2896 552 2993 νόμοι
621 2905 804 2990 ἔχειν
841 2957 855 2974 .
892 2954 960 2971 ..
1028 2901 1100 2971 οἱ
1175 2894 1582 2971 ὑπόλοιπον
1663 2892 1911 2986 ἀγῶνα
1996 2891 2393 2983 ἀποδόντες
2481 2906 2641 2983 ταῖς

198 3023 436 3109 δίκαις
510 3014 637 3091 τὸν
705 3024 850 3091 τῶν
899 3018 1590 3117 ψευδομαρτυριῶν,
1668 3018 1758 3088 ἵν’
1814 3019 1886 3089 εἴ
1943 3042 2053 3105 τις
2113 3010 2496 3113 μάρτυρας
2550 3010 2640 3087 τὰ

191 3142 435 3239 ψευδῆ
489 3144 1048 3237 μαρτυροῦντας
1096 3132 1655 3237 παρασχόμενος
1704 3132 1753 3235 ὴ
1804 3130 2235 3233 προκλήσεις
2297 3129 2401 3233 μὴ
2455 3158 2662 3223 pravo--

197 3268 426 3354 μένας
463 3314 478 3329 .
515 3314 530 3329 .
566 3314 580 3331 .
617 3314 632 3329 .
696 3254 1096 3357 ἐξηπάτησε
1171 3253 1339 3346 τοὺς
1407 3252 1783 3345 δικαστάς,
1859 3258 2089 3353 μηδὲν
2156 3249 2354 3350 αὐτῷ
2423 3258 2645 3325 πλέον

191 3388 518 3476 γένηται,
582 3374 732 3449 ἀλλ’
796 3373 1390 3477 ἐπισκηψάμενος
1457 3386 1617 3463 ταῖς
1680 3380 2119 3474 μαρτυρίαις
2170 3371 2207 3444 ὁ
2264 3368 2664 3470 ἀδικηθεὶς-

190 3503 322 3572 ’καὶ
386 3493 745 3570 εἰσελθών
815 3505 919 3587 εἰς
979 3496 1174 3593 ὑμᾶς
1239 3500 1362 3569 καὶ
1414 3497 1766 3583 ἐπιδείξας
1818 3498 1980 3594 περὶ
2032 3498 2166 3566 τοῦ
2219 3488 2663 3589 πράγματος·

193 3615 377 3707 τοὺς
413 3612 794 3715 μάρτυρας
831 3613 921 3690 τὰ
969 3619 1203 3716 ψευδῆ
1255 3611 1929 3714 μεμαρτυρηκότας,
1984 3608 2188 3713 παρά
2240 3640 2315 3685 τε
2371 3606 2645 3683 τούτων

207 3740 416 3836 δίκην
485 3733 668 3843 λάβῃ
745 3741 867 3811 καὶ
928 3733 1054 3810 τὸν
1120 3730 1676 3833 προβαλόμενον
1738 3730 2091 3806 ὑπόδικον
2144 3738 2271 3837 ἔχῃ
2324 3734 2467 3803 τῶν
2520 3757 2647 3802 κα-

201 3861 614 3949 κοτεχνιῶν,
747 3856 832 3929 cf.
917 3855 1034 3929 PS.
1106 3854 1303 3927 Dem.
1387 3848 1574 3925 κατὰ
1653 3849 2048 3953 Στεφάνου
2132 3848 2442 3945 (XLVI,
2532 3849 2669 3959 1οΥ

210 3975 412 4049 1132
491 3974 697 4071 sqq.):
788 3982 972 4050 ἔστω
1040 3978 1118 4049 δὲ
1171 3978 1309 4048 ’καὶ
1371 3969 1723 4063 ὑπόδικος
1790 3978 1934 4045 τῶν
1996 3972 2649 4071 ψευδομαρτυριῶν

202 4098 242 4171 ὁ
285 4092 766 4195 μαρτυρήσας
803 4092 1029 4169 αὐτοῦ
1069 4092 1356 4189 τούτου,
1412 4088 1527 4165 ὅτι
1577 4103 1935 4191 μαρτυρεῖ
1982 4086 2186 4190 παρὰ
2238 4086 2364 4163 τὸν
2416 4084 2647 4183 νόμον

195 4222 332 4291 ’καὶ
385 4214 423 4289 ὁ
481 4212 1028 4313 προβαλόμενος
1075 4209 1262 4287 κατὰ
1318 4208 1568 4295 ταύτά,
1622 4252 1762 4293 --„

412 4333 667 4408 Dicam
703 4337 1357 4435 ψευδομαρτυριῶν
1393 4331 1458 4402 ei
1495 4330 1807 4427 praesidi
1841 4328 2167 4402 nuntiari
2199 4351 2373 4424 opus
2402 4326 2670 4420 fuisse‚.

203 4456 330 4553 qui
401 4456 484 4528 de
549 4454 674 4527 lite
736 4454 985 4550 priore,
1053 4476 1142 4526 ex
1207 4476 1348 4547 qua
1409 4451 1544 4523 illa
1609 4456 1761 4523 orta
1832 4455 2001 4543 erat,
2072 4447 2426 4545 suffragia
2476 4447 2649 4520 ferri
