3200 5150
1444 327 1953 401 -36-..

478 534 663 630 quod
734 539 956 626 actor,
1033 539 1405 631 postquam
1487 539 1703 608 testes
1752 533 2025 608 falsum
2091 533 2361 606 dixisse
2433 531 2926 606 testimonium

482 653 827 752 probavit,
895 654 1376 728 narrationem
1433 654 1711 750 profert.
1814 653 2009 742 Quod
2070 659 2265 728 actor
2336 675 2771 748 quamquam
2844 675 2929 724 eo

483 776 649 868 loc0,
681 799 818 872 quo
851 773 1048 869 facit,
1092 798 1234 848 non
1269 775 1440 848 bene
1473 774 1661 868 fecit,
1704 797 1867 847 cum
1902 774 2170 849 iudices
2208 773 2389 848 scire
2426 796 2567 846 non
2620 779 2933 868 possent,

484 913 628 991 qua
691 895 772 968 de
838 895 1004 970 rixa
1073 900 1434 993 ageretur,
1520 899 1757 968 tamen
1828 895 2183 988 consulto,
2262 899 2343 968 ut
2408 917 2535 991 ego
2602 893 2930 990 equidem

485 1015 852 1110 existim03
909 1015 1091 1089 vidit
1125 1016 1336 1108 enim,
1383 1014 1449 1088 si
1485 1015 1688 1110 prius
1725 1020 1944 1090 totam
1977 1015 2391 1112 protulisset
2427 1014 2935 1106 narrationem,

485 1135 811 1210 futurum
863 1135 1110 1230 fuisse,
1177 1143 1257 1210 ut
1321 1158 1474 1210 sero
1539 1135 1820 1209 demum
1876 1137 2216 1232 probaret,
2274 1135 2441 1208 illos
2494 1135 2716 1208 falsos
2768 1159 2933 1208 esse

487 1261 719 1349 testes,
752 1256 1224 1353 quamobrem,
1273 1279 1706 1352 quamquam
1742 1256 2009 1330 iudices
2048 1279 2341 1330 causam
2396 1279 2539 1329 non
2592 1255 2937 1346 sciebant,

487 1375 688 1471 prius
755 1375 936 1449 illud
1006 1377 1500 1472 comprobavit.
1625 1377 1788 1473 Ipse
1856 1376 2027 1449 dicit
2098 1384 2290 1451 actor
2352 1399 2595 1473 parag.
2668 1381 2937 1471 quarta

487 1497 674 1593 (pag.
732 1496 950 1590 1140,
1001 1519 1067 1570 V.
1116 1497 1164 1571 8
1217 1496 1378 1594 sq.):
1457 1499 1746 1586 ,πλείων
1798 1525 1928 1592 μοι
1981 1494 2189 1588 λόγος
2240 1505 2449 1571 ἔσται
2502 1499 2937 1588 ἐξελέγχοντι

491 1612 618 1690 τὸν
669 1613 940 1716 τρόπον
994 1612 1236 1692 αὐτῶν
1290 1614 1336 1716 ἢ
1390 1613 1522 1718 τὴν
1573 1621 1990 1716 μαρτυρίαν
2042 1620 2274 1716 ψευδῆ
2330 1607 2605 1690 οὖσανῖ

696 1754 1014 1851 Denique
1051 1761 1130 1828 ut
1166 1755 1592 1829 sententiam
1636 1778 1866 1830 meam
1922 1755 2287 1828 stabiliam
2340 1754 2525 1828 aliae
2578 1754 2938 1827 orationes

491 1877 569 1948 in
647 1899 870 1950 causa
951 1879 1602 1976 ψευδομαρτυριῶν
1683 1874 1968 1950 habitae
2048 1882 2221 1950 sunt
2300 1875 2781 1972 respiciendae
2854 1882 2943 1948 ut

493 1996 716 2070 oratio
753 2002 1000 2070 contra
1035 1995 1476 2092 Stephanum
1512 1996 1566 2070 I.
1603 2002 1813 2092 atque
1848 1995 2069 2070 oratio
2106 2002 2351 2069 contra
2386 1995 2759 2092 Aphobum
2796 1995 2941 2068 III.

491 2118 704 2191 Recte
787 2116 978 2190 enim
1047 2115 1613 2214 Reichenberger
1677 2117 1787 2211 (cf.
1860 2117 1905 2190 1.
1959 2118 2003 2189 l.
2069 2140 2227 2214 pag.
2287 2117 2408 2209 13)
2480 2117 2945 2209 demonstrat,

493 2262 656 2313 cum
693 2237 966 2312 actione
1004 2239 1653 2338 ψευδομαρτυριῶν
1692 2260 1965 2334 semper
2016 2236 2343 2310 multatio
2394 2243 2461 2310 et
2504 2237 2678 2310 falsi
2726 2237 2941 2311 testis

495 2365 564 2432 et
617 2357 928 2432 auctoris
992 2357 1166 2432 falsi
1219 2357 1610 2432 testimonii
1664 2358 1977 2455 appetita
2032 2356 2147 2451 sit,
2214 2381 2487 2454 semper
2510 2354 2561 2452 ¹)
2616 2357 2697 2430 de
2740 2357 2943 2432 -falso

495 2484 670 2552 teste
716 2485 783 2552 et
834 2478 916 2551 de
969 2483 1251 2552 auctore
1299 2478 1472 2552 falsi
1527 2478 1915 2552 testimonii
1970 2500 2362 2552 sermonem
2413 2499 2569 2550 esse
2620 2477 2941 2573 elucere;

498 2601 681 2675 unde
748 2623 904 2673 esse
974 2598 1186 2672 facile
1257 2599 1650 2694 intellectu,
1727 2622 1856 2673 cur
1922 2598 2420 2695 ApollodoruS,
2499 2622 2945 2696 quamquam

496 2720 996 2795 rescissionem
1032 2741 1174 2793 non
1210 2719 1560 2817 petiverit,
1612 2726 1851 2793 tamen
1886 2720 2117 2794 multa
2152 2719 2363 2816 quasi
2397 2725 2603 2793 extra
2638 2744 2943 2795 causam

498 2841 774 2916 dixerit.
877 2840 984 2914 Ac
1049 2840 1280 2939 pergit
1330 2840 1895 2939 Reichenberger
1961 2840 2157 2914 hunc
2214 2840 2298 2913 in
2352 2841 2671 2914 modum:
2747 2864 2947 2934 ,uam

499 2962 985 3059 Apollodorus,
1035 2984 1200 3035 cum
1235 2962 1525 3035 testium
1555 2961 1765 3035 dictis
1802 2961 2107 3058 priorem
2159 2967 2405 3035 contra
2440 2961 2947 3035 Phormionem

500 3106 838 3157 caussam
872 3081 1309 3179 perdidisset,
1359 3088 1442 3155 ut
1491 3082 1835 3155 damnum
1886 3088 2250 3179 acceptum
2305 3082 2699 3175 resarciret,
2746 3082 2950 3155 nihil

503 3204 700 3279 aliud
749 3203 982 3277 facere
1031 3202 1261 3299 potuit
1311 3202 1459 3275 nisi
1511 3208 1592 3274 ut
1643 3225 1871 3275 unum
1924 3226 2013 3277 ex
2064 3202 2183 3298 iis,
2220 3201 2665 3300 Stephanum
2716 3226 2945 3298 quen-

502 3325 684 3419 dam,
719 3326 1371 3425 ψευὸομαρτυριῶν
1407 3328 1794 3397 accusaret.
1900 3323 2047 3413 Quo
2084 3326 2736 3424 ψευδομαρτυριῶν
2772 3346 2945 3397 0011-

505 3444 692 3518 victo
756 3444 873 3516 1111
940 3444 1021 3516 in
1074 3443 1574 3519 Phormionem
1644 3443 1991 3519 actionem
2056 3442 2418 3517 intendere
2470 3443 2679 3517 licuit
2728 3473 2950 3520 κακο-

504 3572 826 3660 τεχνιῶν,
898 3587 1060 3660 qua,
1125 3570 1205 3638 ut
1275 3586 1496 3660 supra
1555 3562 2225 3657 demonstravimus,
2298 3563 2641 3637 damnum
2712 3566 2951 3661 priore

502 3686 766 3781 iudicio
829 3684 1098 3759 factum
1169 3684 1539 3765 restituere
1606 3684 1850 3780 potuit.
1910 3725 2010 3737 -
2077 3684 2211 3757 Sed
2280 3706 2441 3757 cum
2509 3684 2589 3757 in
2656 3686 2951 3761 caussis

403 3904 410 3913 .
505 3809 1160 3909 ψευδομαρτυριῶν
1204 3804 1466 3878 actoris
1502 3804 1747 3879 minus
1782 3803 2067 3877 intersit
2100 3803 2372 3878 falsum
2424 3810 2672 3879 testem
2724 3829 2951 3901 quam

508 3934 863 4003 auctorem
913 3925 1088 3999 falsi
1139 3924 1528 3999 testimonii
1581 3924 1845 4021 puniri,
1904 3923 2115 3997 facile
2168 3922 2620 4023 intelligitur,
2682 3949 2811 3998 cur
2863 3926 2949 3999 in

507 4046 852 4123 eiusmodi
905 4046 1303 4120 actionibus
1355 4045 1731 4143 praecipue
1782 4044 1957 4138 eius,
2023 4044 2147 4140 qui
2198 4044 2469 4117 falsum
2522 4050 2771 4119 testem
2826 4048 2950 4121 ob-

508 4167 695 4261 tulit,
747 4190 1021 4263 semper
1072 4166 1333 4241 mentio
1384 4167 1531 4239 fiat.
1637 4165 1786 4253 Quo
1837 4164 2108 4238 factum
2161 4170 2286 4258 est,
2346 4170 2425 4237 ut
2477 4165 2954 4261 Apollodorus

685 4402 724 4470 ¹)
757 4401 823 4461 111
857 4400 1218 4462 orationibus
1255 4404 1745 4484 ψευδομαρτυριῶν
1779 4400 1844 4461 111
1880 4400 2076 4461 causis
2111 4400 2341 4462 habitis.
