3200 5150
1176 395 1683 473 ...15—

201 610 456 682 bemus
527 607 833 680 indicia:
915 607 1220 680 alterum
1291 605 1693 680 testimonio
1761 604 1956 676 Dem.
2026 603 2365 676 orationis
2436 601 2647 690 ,κατὰ

204 731 560 802 Μειδίου(
611 725 850 821 (ΧΧΙ,
903 731 946 817 ἓ
987 727 1104 818 93,
1155 750 1314 824 pag.
1354 727 1523 818 544,
1573 749 1643 797 v,
1687 725 1808 815 19)
1861 723 2222 816 traditum,
2274 723 2452 818 quod
2508 729 2645 794 est:

204 851 358 922 ἐπεὶ
390 840 559 948 ἧκεν
595 845 902 946 ἡ’κυ(ηά
955 853 1087 920 τοῦ
1138 843 1394 940 νόμον,
1451 845 1758 918 alterum
1809 843 1889 914 in
1942 843 2254 916 eiusdem
2309 843 2651 916 orationis

207 965 665 1062 paragrapho
729 967 857 1059 84,
927 963 1315 1039 secundum
1385 964 1565 1061 quod
1630 965 1969 1036 diaetetae
2038 987 2084 1035 a
2148 963 2503 1057 partibuS,
2570 971 2653 1034 ut

205 1087 362 1159 dies
397 1085 819 1178 differretur,
853 1092 1082 1181 petere
1121 1085 1396 1160 licebat.
1498 1084 1691 1157 Illud
1727 1081 2208 1156 testimonium
2264 1105 2425 1155 cum
2474 1104 2651 1179 spu-

209 1206 406 1278 rium
452 1229 608 1278 esse
660 1206 816 1278 veri
870 1205 966 1279 sit
1020 1206 1494 1299 simillimum,
1545 1228 1637 1277 ex
1687 1204 1819 1277 hoc
1871 1203 2066 1276 haud
2114 1202 2319 1276 dubie
2370 1203 2652 1276 conclu-

209 1327 373 1400 dere
443 1323 656 1399 nobis-
710 1325 878 1398 licet
943 1348 1087 1398 non
1159 1326 1535 1399 diaetetam
1601 1324 1834 1398 solum
1903 1322 2087 1395 diem
2156 1319 2315 1423 (τὴν
2368 1324 2653 1422 κυρίαν)

207 1445 712 1538 destinavisse,
779 1445 900 1517 sed
969 1469 1058 1516 ex
1122 1444 1571 1541 litigantium
1644 1469 2011 1520 consensu.
2134 1443 2327 1534 Quod
2394 1443 2651 1516 verisi-

209 1565 467 1637 milius
531 1587 688 1637 esse
761 1564 943 1636 mihi
997 1558 1280 1638 videtur
1331 1561 1419 1638 ob'
1465 1589 1622 1638 eam
1678 1589 1993 1660 causam,
2060 1565 2241 1661 quod
2296 1563 2485 1658 apud
2538 1586 2652 1635 ar-

209 1685 436 1758 bitros
507 1684 796 1757 maiore.
844 1707 1008 1758 cum
1079 1685 1402 1758 libertate
1475 1693 1715 1781 partes
1779 1687 2109 1782 agebant,
2181 1707 2397 1781 quam
2468 1683 2656 1778 apud

210 1805 506 1878 iudices.
609 1804 815 1877 Intra
875 1805 1179 1902 triginta
1231 1806 1380 1878 dies
1436 1805 1785 1879 arbitrum
1839 1806 2182 1879 iudicium
2237 1805 2403 1876 dare
2456 1825 2653 1899 opor-

211 1925 446 1998 tuisse
465 1921 517 2020 1)
587 1924 1146 1998 existimandum
1199 1948 1342 1998 non
1409 1932 1516 1998 est
1569 1926 1871 2019 idcirce,
1941 1925 2122 2023 quod
2186 1947 2265 1998 eo
2312 1931 2658 2018 tempore,

210 2068 354 2141 quo
416 2045 513 2118 lis
579 2044 773 2117 facta
841 2053 966 2139 est,
1035 2046 1148 2138 ,lis
1219 2050 1527 2135 αἰκείας(
1589 2046 1903 2118 nondum
1955 2045 2097 2118 fuit
2147 2044 2407 2136 litium,
2474 2065 2655 2137 quae

209 2165 632 2238 dicebantur
717 2165 898 2258 ,lites
967 2171 1323 2262 έζιιμηνοιί.
1450 2164 1644 2264 Nam
1721 2166 1923 2239 brevi
2000 2165 2282 2237 demum
2349 2169 2655 2258 tempore

207 2292 372 2380 post
424 2309 696 2358 annum
747 2280 1153 2381 346l5(01.
1195 2286 1362 2360 108.
1397 2285 1472 2382 3)
1527 2289 1687 2384 δίκη
1742 2290 2019 2376 αἰκείας
2070 2287 2447 2382 ,ἐξυμηνοςζ
2501 2305 2656 2354 esse

208 2405 408 2479 facta
469 2429 765 2502 eamque
829 2407 920 2479 ab
986 2429 1282 2479 causam
1346 2429 1488 2478 non
1540 2406 1690 2477 iam
1739 2404 2217 2502 quadraginta
2268 2403 2473 2496 viriS,
2536 2402 2656 2476 sed
2776 2421 2780 2426 ·

209 2531 732 2619 ,eioaywyeom‘
781 2527 1045 2601 tradita
1097 2549 1252 2599 esse
1304 2522 1672 2619 videtur2).
2298 2543 2303 2548 ’

426 2664 582 2753 Qua
651 2665 926 2738 ratione
992 2664 1156 2737 lites
1229 2664 1416 2759 apud
1487 2664 1791 2737 arbitros
1858 2662 2177 2759 publicos
2240 2669 2439 2735 actae
2494 2660 2659 2753 sint,

214 2784 402 2858 satis
477 2786 876 2881 expositum
946 2791 1055 2857 est
1119 2784 1209 2856 ab
1269 2782 1585 2857 Huberto
1659 2782 1774 2878 (cf.
1834 2783 1879 2855 l.
1931 2783 1977 2856 1.
2043 2806 2203 2879 pag.
2244 2782 2367 2854 42
2426 2780 2657 2876 seqq).
2743 2862 2750 2871 ,

427 2920 674 2995 Verba
737 2945 917 3018 quae
983 2927 1181 2994 sunt:
1254 2920 1327 3021 ,ἡ
1391 2918 1769 3022 ἀπόφασις
1829 2926 1959 3021 τῆς
2017 2924 2246 3019 δίκης(
2312 2918 2657 3016 pertinere

215 3042 311 3115 ad
387 3042 642 3115 arbitri
687 3040 1055 3115 iudicium
1116 3041 1195 3112 in
1269 3025 1509 3113 causa
1557 3042 1648 3114 ab
1722 3047 1953 3114 actore
2024 3040 2369 3115 adversus
2438 3040 2655 3113 Theo-

209 3162 556 3257 phemum
639 3162 917 3235 intenta
991 3184 1228 3233 omnes
1308 3160 1761 3233 consentiunt
1850 3160 1996 3233 viri
2066 3155 2316 3253 docti3)
2380 3169 2660 3255 praeter

211 3282 662 3377 Platnerum,
713 3304 920 3379 quem
957 3281 1038 3354 de
1071 3281 1364 3375 ratione,
1415 3302 1557 3375 qua
1592 3281 1689 3354 lis
1726 3281 1915 3378 apud
1957 3280 2259 3361 arbitros
2315 3272 2661 3377 ageretur,

213 3400 408 3475 falso
474 3402 910 3475 iudicavisse
975 3402 1126 3474 iam
1193 3423 1413 3497 supra
1473 3400 2032 3502 demonstratum
2098 3406 2222 3473 est.
2324 3402 2433 3473 Ac
2503 3400 2687 3497 sine⁴

213 3522 431 3595 dubio
468 3522 548 3595 de
583 3521 709 3594 illo
744 3521 1004 3595 iudicio
1041 3521 1301 3619 agitur,
1351 3521 1424 3593 id
1460 3520 1640 3618 quod
1688 3521 1946 3617 optime
1998 3520 2373 3593 ostendunt
2423 3522 2661 3613 verba,
2678 3528 2690 3537 “’

214 3665 402 3738 quae
457 3649 886 3737 sequuntur:
957 3640 995 3714 ὁ
1061 3637 1441 3741 Θεόφημος
1490 3636 1993 3743 παρεγράφετο
2049 3644 2173 3714 καὶ
2221 3636 2614 3735 ὑπώμνυτο
2628 3672 2657 3731 ,·

215 3762 371 3836 nisi
429 3761 606 3834 forte
663 3762 826 3858 quis
879 3762 1242 3859 putaverit
1293 3767 1776 3834 accusatorem
1827 3760 2069 3857 ipsum
2119 3759 2499 3834 arbitrium
2552 3760 2657 3831 di-

213 3883 451 3955 latum
516 3879 850 3955 voluisse.
916 3927 1014 3935 —
1077 3880 1305 3956 Miror
1373 3904 1516 3977 qua
1580 3902 1803 3954 causa
1870 3886 2256 3953 commotus
2317 3878 2655 3953 Blassius

400 4136 436 4200 ¹)
473 4133 548 4194 cf.
581 4134 1035 4195 Hudtwalckeri
1068 4134 1206 4194 libri
1242 4134 1348 4205 qui
1382 4137 1505 4193 est:
1541 4133 1693 4193 iiber
1724 4133 1823 4193 die
1856 4128 2237 4194 offentlichen
2270 4133 2396 4193 und
2430 4131 2659 4193 Privat-

217 4219 687 4281 schiedsrichter
717 4250 784 4261 -
819 4220 1134 4280 Diaeteten
1166 4253 1234 4264 —
1268 4220 1335 4278 in
1367 4218 1586 4278 Athen.
1656 4219 1840 4279 Jenae
1874 4220 2025 4290 1812,
2061 4237 2192 4291 pag.
2224 4220 2309 4279 80.

391 4306 436 4373 ²)
471 4305 546 4365 cf.
581 4304 852 4377 Lipsius:
899 4306 1177 4365 Berichte
1211 4308 1324 4365 etc.
1357 4321 1489 4375 pag.
1521 4306 1609 4365 57.

391 4391 436 4460 ³)
473 4390 548 4451 cf.
594 4390 850 4451 Huberti
894 4392 936 4450 l.
969 4391 1006 4450 1.
1053 4408 1184 4462 pag.
1231 4391 1324 4460 4o;
1377 4388 1577 4450 Meier.
1622 4394 1684 4450 et
1726 4390 1995 4451 Schoem.
2039 4390 2153 4451 litt.
2197 4391 2321 4451 Att.
2361 4407 2493 4467 pag.
2528 4391 2658 4461 8603

218 4476 489 4539 Schulzii
523 4476 563 4535 l.
595 4476 637 4536 l.
670 4495 802 4549 pag.
836 4478 929 4547 2Ο;
973 4476 1234 4537 Darestii
1263 4475 1304 4535 1.
1339 4475 1379 4534 1.
1413 4492 1544 4546 pag.
1579 4476 1699 4535 353.
