3200 5150
1174 406 1681 479 -11—

213 608 343 696 Qui
412 616 717 682 actorem
787 608 1157 682 iusserunt
1208 610 1632 707 Theophemi
1698 633 1951 684 nomen
2006 611 2289 705 deferre,
2354 619 2434 685 ut
2482 635 2657 685 reus

207 729 421 801 fieret.
529 727 662 802 Sed
727 750 889 801 cum
955 731 1036 802 in
1105 752 1180 803 eo
1249 738 1453 824 esset,
1521 737 1600 803 ut
1672 730 2029 828 suffragia.
2092 755 2137 804 a
2192 731 2655 805 senatoribus-

208 849 602 948 ferrentur‚
629 871 794 921 cum
862 872 1103 922 omnes
1173 857 1454 923 orarent
1514 857 1582 923 et
1635 851 2080 924 obsecrarent
2130 857 2198 924 et
2250 871 2651 925 armamen-

207 974 440 1041 torum
501 968 811 1042 indicem
874 969 1232 1042 traderent
1292 978 1358 1042 et
1411 994 1559 1043 rem
1616 971 1839 1044 abitro
1892 971 2172 1066 privato
2226 994 2300 1043 se
2353 971 2657 1044 manda-

205 1095 405 1160 turos
473 1112 628 1162 esse
696 1089 1024 1183 dicerent,
1093 1097 1287 1164 actor
1349 1091 1697 1164 concessit
1749 1097 1830 1162 ut
1880 1091 2367 1186 Theophemus
2420 1089 2653 1162 XXV

209 1207 573 1282 drachmis
625 1209 1052 1282 multaretur
1075 1206 1139 1302 ¹).

415 1345 688 1434 Quibus
755 1345 969 1418 factis
1041 1352 1234 1418 actor
1305 1345 1767 1419 ‘ci-ierarchiae
1835 1367 2126 1418 munere
2177 1345 2471 1418 functus
2527 1352 2660 1439 est,

210 1467 326 1538 sed
363 1472 742 1561 postquam
795 1465 1076 1538 domum
1131 1467 1443 1558 revertit,
1475 1465 1914 1561 Theophemo
1966 1464 2164 1558 litem
2216 1465 2653 1538 iniuriarum

211 1585 545 1679 (αἰκείας)
580 1586 902 1677 intendit,
955 1608 1118 1658 cum
1170 1586 1427 1659 diceret
1482 1608 1556 1659 se
1612 1586 1701 1657 ab
1753 1607 1828 1657 eo
1881 1585 2184 1680 priorem
2238 1585 2656 1657 verberibus

211 1702 546 1778 affectum
582 1728 776 1798 esse,
829 1705 927 1777 lis
972 1713 1054 1777 ut
1107 1707 1370 1779 arbitro
1423 1704 1704 1801 publico
1753 1704 2207 1778 diiudicanda
2259 1705 2660 1777 traderetur

209 1825 458 1916 effecit,
507 1847 672 1896 cum
708 1825 834 1898 illo
870 1832 1175 1920 tempore
1213 1849 1453 1898 omnes
1493 1824 1639 1896 fere
1692 1824 1857 1897 lites
1910 1824 2235 1920 privatas
2252 1821 2306 1918 2)
2361 1826 2659 1898 arbitris

207 1944 518 2040 publicis
572 1945 827 2017 deferri
879 1968 1163 2019 necesse
1215 1945 1449 2037 fuerit,
1509 1945 1933 2040 priusquam
1983 1944 2657 2018 iudicesiudicium

208 2065 284 2137 de
337 2065 447 2136 eis
499 2064 780 2136 ferrent.
885 2064 1076 2153 Quod
1128 2065 1408 2162 legibus
1459 2063 1689 2136 fuisse
1743 2064 2206 2136 constitutum
2245 2063 2309 2136 J.
2350 2065 2441 2138 H.
2481 2065 2657 2160 Lip-

211 2185 362 2256 sius
384 2180 448 2276 3)
512 2185 900 2256 multorum
951 2185 1272 2257 virorum
1325 2185 1684 2257 doctorum
1740 2184 2162 2256 sententiam
2212 2184 2658 2281 impugnans

209 2304 532 2388 defendit.
635 2305 866 2393 Quam
914 2304 1149 2400 Lipsii
1219 2305 1646 2378 sententiam
1697 2309 1881 2376 recte
1933 2327 2007 2376 se
2059 2304 2319 2378 habere
2370 2305 2657 2378 Aristo-

208 2425 370 2498 telis
406 2423 597 2516 libri,
631 2424 756 2519 qui
791 2430 934 2498 est:
993 2422 1429 2523 ,Ἀθηναίων
1464 2428 1811 2497 πολιτεία6
1852 2423 2079 2518 capite
2114 2423 2291 2497 LIII
2344 2431 2662 2520 apparet,

210 2545 286 2618 in
354 2565 494 2641 quo
561 2545 642 2618 de
709 2544 1190 2641 quadraginta
1257 2544 1443 2619 viris
1511 2545 1773 2617 dicitur
1842 2542 2006 2617 hoc:
2080 2541 2169 2619 τὰ
2237 2550 2371 2641 μὲν
2444 2553 2657 2645 μέχρι

215 2670 380 2740 δέκα
422 2668 765 2763 δραχμῶν
808 2661 1216 2755 αὐτοτελεῖς
1267 2673 1411 2739 εἰσι
1449 2659 1795 2764 [κρίνει]ν,
1852 2662 1942 2737 τὰ
1996 2664 2247 2767 δ’ὑπὲρ
2304 2671 2514 2740 τοῦτο
2571 2662 2658 2738 τὸ

214 2791 494 2885 τίμημα
548 2798 700 2875 τοῖς
751 2786 1160 2883 διαιτηταῖς
1212 2780 1843 2884 παραδιδόασιν.4)

414 2940 741 3011 Actorem
775 2939 1202 3034 priusquam
1240 2937 1503 3010 arbitro
1539 2938 1822 3034 publico
1861 2960 2157 3010 causam
2211 2938 2659 3010 deferendam

217 3059 592 3152 curaverit,
643 3080 801 3130 eam
838 3058 1025 3153 apud
1063 3057 1411 3130 arbitrum
1448 3058 1816 3153 privatum
1852 3058 1973 3153 agi
2018 3056 2334 3130 voluisse
2384 3057 2659 3130 duobus

216 3178 550 3252 orationis
586 3178 762 3251 locis
801 3185 1109 3273 apparet.
1197 3176 1333 3265 Qui
1371 3185 1540 3251 sunt
1574 3200 1819 3275 parag.
1846 3179 1944 3251 45
1976 3179 2167 3275 (pag.
2197 3177 2415 3271 1153,
2441 3201 2505 3249 V.
2537 3176 2652 3271 1):⁴

217 3297 310 3389 ὡς
361 3296 600 3372 οὐδενὶ
651 3296 916 3398 ἤθελεν
971 3304 1375 3397 ἐπιτρέπειν
1431 3298 1468 3372 ὁ
1517 3294 1902 3398 Θεόφημος
1953 3302 2115 3399 περὶ
2168 3304 2312 3371 τῶν
2364 3300 2661 3395 πληγῶν

217 3410 311 3489 ὦν
349 3415 492 3491 τότ’
530 3420 799 3511 ἔλαβον
832 3416 952 3490 ὑπ’
991 3414 1241 3508 αὐτοῦ,
1279 3423 1346 3490 et
1380 3440 1625 3514 parag.
1654 3418 1753 3491 80
1782 3422 1967 3514 (pag.
1994 3417 2213 3511 1163,
2237 3417 2418 3490 v.27
2447 3417 2656 3512 sqq.):

218 3542 655 3630 εἰσαγγείλας
726 3540 849 3611 καὶ
915 3533 1096 3610 ἑλών
1165 3544 1240 3610 ἐν
1310 3544 1398 3641 τῇ
1450 3540 1681 3645 βουλῇ
1737 3535 2069 3637 ἀποχρῆν
2120 3534 2509 3637 ἡγησάμην
2563 3534 2658 3611 τὰ

228 3663 358 3751 μὲν
397 3654 614 3755 σκεύη
654 3654 1049 3751 ἀπολαβεῖν
1085 3654 1308 3746 ἁπλᾶ,
1333 3670 1337 3676 ’
1364 3661 1525 3757 περὶ
1568 3660 1645 3731 δὲ
1700 3663 1843 3731 τῶν
1896 3662 2186 3755 πληγῶν
2241 3662 2662 3757 ἐπιτρέψαι,

219 3783 312 3873 τῷ
379 3778 454 3850 δέ
530 3773 887 3877 τιμήματι
958 3783 1439 3877 συγχωρῆσαι.
1538 3776 1863 3851 Verbum
1932 3777 2124 3849 enim
2194 3781 2658 3876 ‚emtgdnew‘

381 4027 425 4115 ¹¹)
463 4051 531 4118 ἐξ
568 4054 653 4121 41,
698 4052 781 4122 42,
825 4053 908 4111 43.
981 4053 1053 4112 cf.
1100 4054 1176 4112 de
1219 4052 1332 4112 hoc
1372 4052 1501 4111 loco
1535 4051 1739 4112 Meier.
1784 4056 1845 4111 et
1879 4050 2145 4112 Schoem.
2190 4050 2305 4110 litt.
2339 4051 2461 4111 Att.
2497 4053 2571 4121 (2)
2606 4053 2661 4123 Ι,

215 4150 341 4205 Pag-
375 4137 672 4292 {Zopggblis
707 4223 976 4295 exceptis
1011 4223 1082 4283 cf.
1119 4224 1322 4283 Meier.
1361 4229 1422 4282 et
1456 4222 1725 4283 Schoem.
1759 4222 1873 4282 litt.
1908 4224 2028 4281 Att.
2066 4224 2139 4288 (2)
2176 4220 2223 4292 I,
2258 4240 2388 4293 pag.
2423 4223 2508 4283 93.

385 4308 426 4369 ³)
464 4308 536 4367 cf.
572 4308 776 4367 Meier.
813 4315 875 4368 et
909 4309 1176 4369 Schoem.
1213 4308 1325 4368 litt.
1362 4310 1485 4366 Att.
1523 4310 1599 4376 (2)
1638 4307 1713 4376 11,
1748 4326 1878 4378 pag.
1916 4310 2053 4367 1009
2088 4325 2175 4378 sq.

383 4394 428 4459 4)
464 4392 536 4451 cf.
562 4393 840 4453 Berichte
867 4394 922 4452 d.
949 4393 1083 4464 Kgl.
1109 4393 1311 4454 Sachs.
1340 4391 1736 4453 Gesellschaft
1771 4392 1825 4451 d.
1851 4392 2379 4463 wissenschaften,
2406 4392 2665 4466 Sitzung

217 4494 352 4535 vom
383 4479 468 4537 28.
492 4478 658 4537 Febr.
696 4480 846 4548 1891,
880 4497 1008 4550 pag.
1045 4481 1129 4539 58.
