3200 5150
1239 387 1751 468 -17-

256 588 588 684 σάμενος
624 589 845 665 νόσον
883 589 934 692 ἢ
985 589 1410 690 ἀποδημίαν
1461 598 1565 681 εἰς
1620 589 1753 692 τὴν
1806 597 2063 688 κυρίαν
2114 589 2219 692 μὴ
2272 591 2709 694 ἀπαντήσας

255 707 542 810 ἐρήμην
579 709 800 816 ὄφλῃ(
835 710 1064 784 elucet
1095 717 1260 784 ante
1293 710 1498 804 diem,
1550 734 1687 806 quo
1734 710 2037 785 ferretur
2088 713 2485 805 arbitrium,
2537 737 2703 810 par-

258 829 462 902 tibus
495 830 792 903 licuisse
827 853 1098 928 rogare,
1143 837 1224 904 ut
1258 830 1440 904 illud
1477 830 1899 924 differretur,
1948 832 2020 904 id
2056 833 2236 928 quod
2267 855 2393 929 per
2425 833 2705 908 litteras

257 949 422 1022 fieri
459 949 852 1044 oportuisse
886 951 1041 1022 veri
1095 958 1203 1024 est
1253 950 1505 1023 simile.
1608 950 1986 1024 Praeterea
2037 951 2245 1026 illam
2280 952 2705 1049 Theophemi

255 1069 764 1166 paragraphen
833 1093 974 1142 non
1039 1070 1270 1144 fuisse
1337 1071 1815 1167 exceptionem
1876 1078 2201 1166 apertum
2254 1079 2362 1145 est
2413 1096 2570 1145 eam
2621 1074 2705 1146 ob

259 1212 585 1283 causam,
647 1189 828 1285 quod
882 1197 1075 1262 actor
1127 1190 1482 1264 contendit
1535 1214 1611 1264 se
1664 1213 1935 1286 quoque
1987 1192 2487 1289 paragraphen
2538 1193 2707 1268 dar-e

257 1309 579 1404 potuisse
617 1309 730 1404 (cf.
768 1312 811 1400 ξ
849 1308 970 1402 39,
1003 1333 1163 1407 pag.
1216 1312 1436 1402 1151,
1467 1335 1534 1384 V.
1571 1311 1651 1382 2:
1704 1309 1791 1384 οὐ
1825 1321 2491 1410 παραγραφομένου
2528 1319 2708 1408 ἐμοῦ

256 1426 425 1502 οὐδ’
478 1428 1024 1524 ὑπομνυμένου)
1047 1427 1114 1522 ¹).
1219 1429 1367 1527 Ego
1433 1431 1753 1526 equidem
1808 1453 2065 1526 sequar
2119 1430 2709 1528 Schoemannum,

252 1549 389 1643 qui
457 1548 629 1622 dicit
699 1543 875 1622 haec
897 1545 986 1643 ’ὓς
1075 1549 1256 1642 ,Wir
1331 1551 1735 1623 bezweifeln
1807 1551 2042 1644 nicht,
2126 1552 2294 1624 dass
2362 1575 2437 1626 es
2518 1554 2706 1626 auch

251 1668 510 1742 fiblich
578 1691 899 1764 gewesen
972 1670 1093 1762 sei,
1159 1670 1262 1741 im
1324 1693 1588 1742 vorans
1642 1693 1771 1742 vor
1822 1671 1977 1743 dem
2034 1671 2527 1769 Gerichtstage
2580 1697 2705 1746 um

247 1789 644 1862 Aufschub
709 1789 1165 1882 anzuhalten,
1235 1789 1381 1862 und
1449 1790 1613 1864 sind
1662 1791 1947 1887 geneigt
1998 1815 2091 1864 zu
2142 1792 2470 1888 glauben,
2534 1792 2703 1868 dass

249 1909 415 1980 dies
452 1909 678 1981 durch
713 1909 868 1982 eine
907 1909 1352 1982 schriftliche
1379 1909 1701 2006 Eingabe
1736 1911 1918 1984 habe
1954 1909 2351 2007 geschehen
2388 1919 2708 2008 miissen,

249 2029 550 2121 welche,
610 2029 1047 2126 wenigstens
1105 2053 1312 2102 wenn
1365 2029 1486 2102 der
1536 2029 1885 2126 Beklagte
1940 2030 2043 2102 sie
2097 2031 2417 2128 einlegte,
2466 2062 2703 2134 παρα-

249 2145 506 2246 γραφή
543 2149 760 2240 hjess,
811 2149 960 2222 und
1005 2149 1214 2222 deren
1250 2149 1500 2222 Inhalt
1549 2149 1776 2222 durch
1826 2149 2031 2224 einen
2084 2149 2238 2243 Eid,
2286 2151 2703 2248 ὑπωμοσία,

248 2269 597 2365 bestatigt
640 2269 921 2341 werden
970 2272 1279 2342 musste.‘

469 2406 954 2501 Theophemus
992 2407 1218 2503 igitur
1250 2406 1406 2502 ipso
1457 2406 1584 2478 illo
1638 2407 1766 2500 die,
1818 2431 1952 2501 quo
2004 2407 2307 2481 diaeteta
2356 2409 2703 2484 iudicium

245 2527 546 2599 laturus
601 2535 771 2621 erat,
820 2527 1167 2601 iudicium
1219 2525 1471 2600 differt.

469 2663 602 2738 Sed
655 2688 1106 2759 quaeramus,
1155 2664 1488 2759 quomodo
1541 2665 1812 2737 factum
1862 2666 1983 2758 sit,
2032 2674 2113 2737 ut
2166 2688 2388 2740 causa
2440 2670 2531 2742 ab
2584 2692 2700 2743 ar-

243 2785 442 2859 bitro
493 2785 584 2858 ad
632 2784 902 2857 iudices
957 2785 1357 2857 deferretur.
1459 2784 1562 2858 Ut
1614 2786 2085 2881 praemittam,
2136 2788 2305 2882 quid
2360 2789 2697 2861 sentiam:

245 2905 749 3001 Theophemus
817 2928 862 2977 a
891 2912 895 2915 ’
923 2904 1322 2997 Pythodoro
1395 2904 1701 2978 diaeteta
1767 2905 2149 2979 damnatus
2218 2914 2356 3000 est,
2419 2902 2554 3003 quo
2620 2907 2702 2980 in

246 3026 521 3099 iudicio
558 3048 721 3098 cum
754 3048 897 3097 non
951 3025 1441 3120 acquiesceret,
1485 3024 1580 3097 ..ad
1632 3024 1901 3097 iudices
1954 3027 2380 3119 provocavit.
2468 3027 2700 3115 Quam

251 3146 689 3221 sententiam
763 3152 845 3217 nt
895 3144 1194 3219 fulciam
1245 3167 1360 3217 res
1416 3144 1824 3218 accuratius
1879 3145 2060 3217 mihi
2114 3146 2523 3241 exponenda
2576 3155 2700 3221 est.

466 3282 544 3356 Si
614 3282 916 3355 diaeteta
994 3280 1444 3355 adversarios
1513 3281 1891 3354 conciliare
1961 3304 2102 3355 non
2174 3290 2475 3379 poterat,
2548 3282 2701 3356 dies

249 3402 726 3477 destinandus
799 3410 968 3495 erat,
1036 3410 1117 3475 ut
1180 3402 1328 3474 iam
1394 3424 1616 3497 supra
1684 3410 2302 3476 commemoratum
2368 3409 2494 3496 est,
2564 3402 2701 3497 qu'o

247 3524 606 3597 iudicium
675 3547 720 3595 a
800 3522 1102 3595 diaeteta
1174 3521 1346 3594 ferri
1414 3544 1587 3617 opus
1656 3528 1822 3595 erat.
1951 3522 2221 3597 Iudicio
2290 3548 2335 3596 a
2398 3524 2703 3597 diaeteta

248 3646 404 3718 lato
439 3644 618 3715 duae
657 3665 773 3715 res
827 3642 1138 3715 accidere
1192 3648 1536 3737 poterant:
1591 3640 1937 3714 iudicium
1990 3644 2312 3739 partibus
2368 3651 2494 3717 aut
2541 3645 2699 3739 pla·
2830 3728 2841 3737 .

252 3766 460 3837 cebat
525 3771 650 3835 aut
717 3762 1151 3859 displicebat,
1221 3769 1300 3833 ut
1365 3761 1445 3832 in
1515 3784 1590 3832 eo
1661 3784 1799 3834 non
1861 3763 2400 3857 acquiescerent.
2505 3762 2699 3851 Quas

249 3907 374 3957 res
457 3905 636 3978 quae
712 3882 861 3955 sint
946 3888 1188 3955 secuta
1278 3880 1424 3952 viri
1489 3880 1673 3953 docti
1739 3881 2190 3955 dissentiunt.
2319 3882 2701 3971 Quaeritur

253 4004 469 4096 enirn,
536 4002 870 4097 quomodo
904 4015 1049 4075 *res
1127 4024 1200 4074 se
1252 4000 1514 4074 habeat
1565 4000 1647 4072 de
1698 4000 1853 4073 litis
1907 4001 2407 4075 instrumentis
2462 3985 2697 4099 obsig-

249 4124 540 4215 nandiS,
603 4123 936 4218 quomodo
1008 4129 1074 4195 et
1133 4122 1328 4194 intra
1395 4120 1575 4215 quod
1642 4127 1919 4215 tempus
1987 4144 2210 4195 causa
2273 4122 2363 4195 ad
2427 4121 2698 4197 iudices

436 4375 472 4441 ¹)
509 4374 582 4434 cf.
617 4374 860 4445 Lipsius
895 4374 960 4433 in
993 4374 1072 4433 M.
1110 4377 1172 4433 et
1207 4372 1340 4433 Sch.
1379 4372 1490 4431 litt.
1525 4374 1650 4431 Att.
1685 4390 1814 4443 pag.
1850 4374 1967 4443 859,
2003 4319 2123 4433 nge.
2158 4374 2278 4432 253.

429 4461 474 4529 ²)
511 4462 582 4520 cf.
619 4460 698 4519 M.
733 4465 795 4519 et
831 4459 964 4519 Sch.
1000 4460 1111 4518 litt.
1146 4461 1268 4518 Att.
1304 4476 1433 4529 pag.
1468 4458 1586 4517 910.

2231 4560 2265 4599 0

2230 4596 2265 4617 Η
