3200 5150
1485 425 1789 497 -22
1896 453 2012 478 --

519 637 792 726 πρέποι
829 687 843 702 .
881 688 894 702 .
931 687 947 702 .
999 637 1104 720 εἰς
1153 630 1351 724 ὑμᾶς
1402 637 1709 704 εἰσιέναι
1764 635 1832 703 et
1882 629 2223 704 orationis
2278 637 2560 704 nostrae
2606 634 2650 722 ξ
2690 631 2735 702 5
2775 630 2971 727 (pag.

527 749 725 823 1140
772 773 840 822 V.
881 749 1042 842 13):
1101 746 1258 839 ἐξὸν
1311 747 1448 851 γὰρ
1502 748 1753 841 αὐτοῖς
1806 746 2285 848 ἀπηλλάχθαι
2340 747 2789 851 πραγμάτων
2843 755 2971 824 καὶ

521 870 622 968 μὴ
681 867 1118 944 κινδυνεύειν
1171 866 1537 960 εἰσιόντας
1588 876 1696 959 εἰς
1748 867 1961 964 ὑμᾶς.

730 987 882 1085 Ego
949 988 1269 1084 equidem
1339 988 1673 1063 existimo
1723 989 2245 1086 Theophemum
2300 1011 2345 1062 a
2396 989 2795 1084 Pythodoro
2848 1012 2969 1062 ar·

525 1107 707 1180 bitro
773 1108 1313 1182 condemnatum
1380 1132 1554 1202 esse,
1619 1109 2038 1205 praesertim
2105 1131 2267 1180 cum
2319 1109 2399 1180 in
2450 1109 2764 1182 oratione
2815 1115 2971 1182 tam

529 1251 738 1325 saepe
772 1229 992 1302 verba
1025 1229 1210 1302 fiant
1259 1229 1342 1302 de
1392 1227 1686 1323 ratione,
1734 1252 1877 1324 qua
1910 1228 2395 1325 Theophemus
2448 1227 2717 1302 iudices
2770 1227 2979 1300 dece-

527 1348 712 1444 perit
785 1348 896 1442 (cf.
960 1347 1286 1422 Platneri
1358 1350 1403 1423 l.
1455 1349 1501 1422 l.
1563 1349 1659 1442 ΙΙ,
1724 1371 1885 1446 pag.
1940 1348 2135 1438 203).
2252 1347 2451 1446 'Nego
2518 1355 2825 1422 actorem
2890 1347 2975 1420 iu

527 1467 913 1561 Pythodori
949 1468 1204 1542 arbitri
1236 1467 1498 1542 iudicio
1534 1492 1678 1542 non
1730 1469 2289 1564 acquiescentem
2340 1468 2429 1542 ad
2482 1467 2752 1542 iudices
2805 1490 2980 1564 pro·

529 1609 842 1688 vocasse,
900 1588 1080 1682 quod
1133 1595 1286 1660 tum
1338 1589 1661 1686 intellegi
1714 1611 1854 1661 non
1908 1595 2144 1684 posset
2195 1586 2621 1684 Theophemi
2672 1609 2976 1661 causam

497 1708 832 1810 „priorem
887 1707 1074 1804 apud
1127 1708 1395 1782 iudices
1449 1731 1604 1782 esse
1656 1714 1908 1783 actam.

735 1827 928 1915 Quae
997 1828 1240 1901 omnia
1307 1851 1470 1901 cum
1535 1829 1642 1902 ita
1710 1829 1876 1920 sint,
1940 1828 2170 1901 facere
2222 1850 2364 1900 non
2416 1849 2729 1923 possum,
2792 1827 2979 1922 quin

531 1947 932 2020 existimem
983 1947 1506 2044 Theophemum
1569 1973 1615 2021 a
1666 1948 2064 2042 Pythodoro
2116 1947 2381 2020 arbitro
2430 1946 2981 2020 condemnatum

529 2089 826 2140 causam
905 2089 1114 2140 suam
1190 2068 1681 2164 provocatione
1760 2067 1849 2140 ad
1922 2067 2192 2141 iudices
2272 2067 2629 2142 detulisse.
2748 2066 2981 2139 Theo-

529 2185 868 2280 phemum
904 2209 1325 2282 provocasse
1361 2187 1683 2262 sentiunt
1718 2187 2254 2262 Schoemannus
2292 2187 2363 2281 (l.
2388 2187 2435 2260 l.
2469 2187 2562 2260 II.
2596 2209 2756 2282 pag.
2792 2185 2987 2277 860)

531 2312 599 2378 et
651 2305 956 2380 Schulze
1009 2307 1080 2402 (l.
1130 2307 1177 2380 l.
1228 2331 1388 2405 pag.
1445 2308 1588 2402 20),
1642 2307 1763 2380 sed
1812 2307 1906 2400 id,
1968 2306 2150 2403 quod
2202 2307 2600 2400 voluerunt,
2650 2329 2791 2379 non
2846 2305 2983 2379 via

534 2434 603 2499 et
665 2427 940 2500 ratione
1005 2429 1499 2524 probaverunt.
1621 2427 1933 2501 Causam
2000 2426 2429 2523 Theophemi
2491 2426 2789 2523 priorem
2860 2425 2985 2498 iu-

534 2546 810 2621 dicibus
890 2546 1228 2621 traditam
1308 2570 1464 2623 esse
1529 2547 1870 2622 orationis
1938 2547 2177 2622 verbis
2248 2551 2317 2642 (§
2372 2547 2492 2641 39,
2557 2569 2718 2644 pag.
2776 2545 2981 2620 1151

535 2692 602 2741 V.
658 2668 730 2760 1)
798 2675 1126 2765 apparet:
1195 2665 1576 2769 ,πρότερος
1643 2667 1822 2763 (scil.
1890 2667 1930 2741 ὁ
1994 2665 2407 2769 Θεόφημος)
2469 2663 2825 2742 εἰσελθών
2880 2676 2993 2758 εἰς

533 2784 616 2861 τὸ
671 2785 1186 2887 δικαστήριονέ

741 2907 1244 2981 Provocatione
1308 2906 1502 2979 facta
1557 2913 1715 2979 uter
1780 2905 1972 3002 prior
2038 2906 2228 3001 apud
2277 2906 2549 2980 iudices
2603 2904 2822 2979 verba
2874 2906 2985 2981 fo-

538 3027 728 3119 cerit,
778 3034 1022 3101 utrum
1072 3027 1159 3121 is,
1209 3026 1332 3123 qui
1383 3027 1874 3121 provocaverit
1926 3050 2022 3100 an
2072 3026 2551 3119 adversariuS,
2601 3026 2991 3123 ignoratur

539 3146 650 3251 (cf.
703 3144 1166 3221 Schoemann.
1212 3147 1293 3220 in
1345 3146 1479 3218 litt.
1532 3148 1681 3219 Att.
1730 3146 1827 3219 ΙΙ.
1879 3170 2039 3244 pag.
2092 3145 2287 3237 987).

739 3264 882 3339 His
945 3266 1292 3341 absolutis
1359 3267 1731 3341 redeamus
1782 3287 1879 3358 eo,
1940 3265 2126 3338 unde
2189 3264 2497 3361 digressi
2564 3287 2838 3357 sumuS,
2892 3290 2988 3339 ac

537 3385 910 3459 videamus
979 3408 1160 3481 quae
1231 3386 1380 3459 sint
1448 3394 1709 3459 secuta.
1836 3384 1981 3459 Ubi
2045 3384 2271 3482 igitur
2338 3384 2827 3480 Theophemus
2902 3386 2989 3459 in

539 3505 800 3577 iudicio
863 3528 1006 3577 non
1069 3506 1525 3601 acquiescens
1592 3498 1934 3579 diaetetae
2000 3528 2074 3579 se
2125 3526 2505 3601 provocare
2554 3503 2739 3577 velle
2790 3528 2993 3578 nun·

535 3625 773 3717 tiavit,
806 3624 961 3698 litis
996 3624 1498 3719 instrumenta,
1533 3648 1713 3721 quae
1752 3632 1922 3699 sunt
1955 3624 2383 3717 testimonia,
2433 3622 2997 3721 provocationes5

539 3743 830 3831 libellus
899 3734 1389 3817 accusatorius
1454 3753 1523 3817 et
1588 3769 1770 3841 quae
1834 3752 2079 3817 contra
2139 3767 2297 3818 eum
2355 3743 2745 3841 protulerat
2794 3767 2995 3839 τρυε,

540 3864 620 3937 in
671 3864 949 3937 duabus
1005 3865 1211 3937 urnis
1265 3865 1548 3938 condita
1599 3873 1668 3938 et
1719 3864 2095 3961 obsignata
2146 3872 2214 3937 et
2266 3864 2745 3960 quadraginta
2796 3864 2989 3938 viris

542 3985 709 4057 data
747 3991 934 4059 sunt.
1039 3984 1176 4073 Qui
1211 4008 1510 4059 oausam
1545 3985 1636 4058 ad
1673 3984 1915 4082 populi
1948 3983 2296 4058 iudicium
2330 3984 2650 4057 tulerunt
2684 3989 2754 4057 et
2799 4006 2993 4079 oum,

543 4126 725 4200 quae
759 4103 1247 4201 Theophemus
1283 4103 1710 4201 postulabat,
1750 4105 1917 4201 plus
1950 4104 2151 4178 mille
2185 4102 2692 4177 drachmarum
2725 4111 2995 4198 essent,

545 4224 635 4297 ad
667 4223 936 4297 iudices
973 4225 1526 4322 quadringentos
1563 4231 1632 4297 et
1663 4246 1903 4297 unum.
2007 4224 2219 4320 Apud
2254 4246 2447 4319 quoS,
2484 4229 2566 4296 ut
2598 4246 2846 4321 parag.
2886 4224 2991 4297 16

546 4347 729 4440 (pag.
769 4343 987 4436 1143,
1017 4367 1082 4447 v.
1120 4344 1244 4435 25)
1271 4342 1318 4431 ¹)
1356 4352 1669 4441 apparet,
1720 4367 1908 4418 nova
1960 4343 2316 4417 anacrisis
2362 4343 2612 4417 habita
2662 4364 2807 4415 non
2858 4348 2997 4417 est.

542 4466 684 4473 ’-
721 4464 1242 4565 ¹)eff1hpsiusin
1277 4494 1479 4555 Meier.
1516 4498 1577 4553 et
1614 4493 1878 4554 sehoem.
1916 4494 2026 4553 litt.
2064 4496 2183 4553 Λα.
2222 4492 2299 4563 Π,
2335 4510 2463 4565 pag.
2500 4494 2604 4553 825
2636 4498 2758 4553 not.
2796 4495 2915 4554 177.
