3200 5150
1455 401 1965 476 ...34-

495 615 698 682 sunt:
773 603 880 680 3⁰⁹
948 604 1082 699 ἐγώ
1147 607 1206 681 τ’
1254 603 1627 710 ἠδικήθην
1700 611 1893 680 actor
1959 605 2295 703 exprimit
2376 628 2454 679 se
2530 603 2937 680 testimonio

492 729 781 800 illorum
849 728 1191 802 damnum
1256 728 1632 824 accepisse,
1698 727 1886 800 sicut
1952 728 2249 801 verbum
2304 725 2727 802 ἀδικεῖσθαι
2782 729 2827 815 ἓ
2887 725 2933 797 2

494 852 681 945 (pag.
721 847 938 941 1139,
971 871 1036 921 v,
1075 847 1200 940 21)
1235 848 1469 921 eodem
1505 869 1725 921 sensu
1760 855 2183 944 usurpatum
2231 854 2354 921 est.
2455 847 2635 920 Tum
2688 868 2939 942 parag.

499 969 592 1041 10
630 969 793 1042 lites
839 971 1116 1058 αἰκείας
1163 975 1232 1042 et
1281 970 1933 1069 ψευδομαρτυριῶν
1982 975 2219 1064 aperte
2272 968 2807 1059 discernuntur3
2868 965 2935 1036 si

494 1089 721 1187 igitur
783 1095 977 1162 actor
1049 1088 1360 1162 oratione
1423 1093 1490 1160 et
1555 1092 1831 1177 αἰκείας
1882 1087 2113 1162 dicam
2158 1095 2227 1162 et
2276 1090 2935 1189 ψευδομαρτυριῶν

495 1209 728 1282 dicam
793 1208 1152 1282 intendere
1217 1207 1581 1302 voluisset,
1649 1207 1843 1281 haud
1896 1209 2103 1282 dubie
2154 1209 2227 1282 id
2280 1207 2520 1282 verbis
2573 1206 2937 1303 expressis

497 1308 1062 1426 signifioavisset
1105 1335 1174 1402 et
1226 1328 1594 1403 anacrisin
1648 1351 1790 1401 non
1842 1330 2041 1402 modo
2094 1330 2183 1403 ad
2236 1329 2469 1402 dicam
2518 1329 2939 1428 ψευδομαρ-

498 1456 770 1550 τυριῶν
841 1449 960 1522 sed
1035 1448 1250 1522 etiam
1331 1449 1419 1522 ad
1489 1447 1723 1522 dicam
1802 1454 2079 1540 αἰκείας
2148 1448 2559 1523 rettulisset.
2689 1446 2941 1520 Verba

496 1593 741 1666 parag.
795 1570 930 1643 46:
1002 1565 1158 1667 ἅμα
1223 1575 1358 1665 μὲν
1425 1565 1724 1645 δικάσαι
1784 1573 1945 1670 περὶ
1998 1575 2129 1670 τῆς
2178 1574 2611 1670 μαρτυρίας,
2664 1563 2939 1668 πότερα

496 1687 772 1792 ψευδής
835 1697 1034 1764 ἐστιν
1101 1687 1150 1790 ἢ
1213 1687 1533 1790 ἀληθής,
1603 1685 1760 1784 ἅμα
1827 1692 1904 1763 δὲ
1960 1694 2124 1790 περὶ
2190 1695 2317 1765 τοῦ
2386 1686 2814 1790 πράγματος
2864 1690 2943 1774 ἐξ

497 1810 727 1911 ἀρχῆς
779 1815 1211 1908 σκέψασθαι
1266 1809 1372 1882 sic
1422 1809 1892 1906 intelligenda
1940 1832 2097 1883 esse
2147 1810 2497 1904 existimO,
2544 1815 2625 1882 ut
2667 1807 2941 1881 iudices

496 1929 811 2003 iudicare
883 1929 1265 2002 iubeantur
1339 1929 1422 2002 de
1495 1930 1899 2004 testimonio
1978 1953 2016 2003 e
2088 1931 2367 2024 causis,
2450 1953 2633 2025 quas
2705 1933 2945 2002 orator

498 2073 790 2148 paragg.
843 2050 892 2121 4
960 2073 1184 2146 usque
1253 2072 1496 2146 parag.
1555 2051 1646 2122 17
1720 2051 1963 2124 attulit
2030 2058 2099 2124 et
2160 2075 2197 2122 e
2266 2051 2530 2144 causiS,
2596 2073 2775 2145 quas
2828 2056 2946 2122 est

500 2170 856 2244 allaturus
909 2193 1153 2267 parag.
1206 2170 1304 2242 49
1362 2193 1508 2266 sqq.

704 2291 1146 2378 Quaeramus
1215 2290 1478 2383 deinde,
1541 2313 1752 2385 quem
1816 2290 1903 2363 ad
1968 2291 2185 2364 finem
2238 2299 2473 2366 orator
2522 2299 2670 2365 tam
2726 2311 2942 2363 accu-

499 2418 652 2485 rate
687 2434 799 2484 res
837 2418 994 2507 post
1026 2411 1266 2486 rixam
1303 2411 1393 2484 ab
1447 2410 1885 2486 adversariis
1938 2417 2181 2508 gestas
2234 2411 2659 2486 narraverit.
2744 2408 2946 2482 Uhle

501 2532 672 2606 dicit
705 2555 808 2626 ea,
857 2555 1037 2629 quae
1089 2531 1252 2605 inde
1303 2553 1348 2603 a
1400 2553 1645 2628 parag.
1703 2531 1796 2605 18
1850 2530 1941 2605 ab
1994 2538 2225 2607 actore
2274 2533 2743 2631 proferantur,
2792 2553 2947 2604 non

503 2660 707 2727 extra
769 2676 1067 2727 causam
1127 2675 1282 2725 esse
1335 2652 1582 2749 posita.
1707 2652 2013 2727 Concedo
2080 2678 2253 2729 sane
2324 2654 2459 2729 illa
2524 2677 2666 2727 non
2733 2658 2947 2725 extra

502 2797 796 2848 causam
859 2780 1202 2847 oratorem
1268 2772 1558 2867 dixisse,
1626 2773 1746 2846 sed
1808 2797 1986 2871 nego
2036 2797 2112 2848 eo
2166 2776 2461 2850 consilio
2512 2775 2648 2847 illa
2696 2779 2946 2870 protu-

501 2895 676 2969 lisse
745 2901 1066 2987 actorem,
1135 2899 1218 2966 ut
1266 2893 1755 2990 Theophemus
1816 2899 2095 2986 αἰκείας
2155 2895 2753 2969 condemnaretur.
2856 2891 2949 2965 Si

503 3016 694 3089 enim
747 3014 1152 3089 accuratius
1203 3037 1352 3086 rem
1405 3014 2081 3108 examinaverimuS,
2129 3016 2580 3089 inveniemus
2634 3020 2947 3089 actorem

504 3136 744 3209 omnia
777 3135 929 3228 illa,
979 3158 1178 3229 quae,
1227 3140 1600 3231 postquam
1636 3135 1789 3231 ipse
1824 3136 2208 3209 damnatus
2260 3136 2419 3231 fuit,
2450 3135 2949 3231 Theophemus

507 3256 817 3351 sociique
883 3256 1218 3349 fecerunt,
1282 3255 1720 3350 narravisse,
1790 3263 1873 3330 ut
1936 3258 2262 3352 probaret
2310 3256 2792 3330 testimonium
2848 3256 2950 3326 ab

503 3376 780 3473 Euergo
833 3382 900 3448 et
951 3374 1352 3449 Mnesibulo
1406 3375 1709 3450 allatum
1764 3400 1918 3450 esse
1968 3376 2255 3451 falsum.

710 3496 874 3592 Ipse
927 3495 1118 3569 enim
1169 3495 1341 3568 dicit
1391 3520 1635 3593 parag.
1676 3497 1811 3570 74:
1868 3495 2330 3591 πολλαχόθεν
2362 3503 2496 3594 μὲν
2530 3485 2662 3570 οὗν
2706 3499 2948 3591 οἶμαι,

507 3608 564 3692 ὦ
618 3614 876 3715 ἄνδρες
942 3618 1307 3707 δικασταί,
1375 3623 1764 3718 καταφανῆ
1830 3616 2003 3715 ὑμῖν
2066 3614 2200 3719 τὴν
2261 3621 2675 3719 μαρτυρίαν
2746 3618 2944 3689 εἶναι

509 3737 607 3828 ὡς
639 3733 915 3837 ψευδής
949 3743 1170 3827 ἐστιν,
1219 3734 1349 3829 οὐχ
1392 3732 1656 3837 ἥκιστα
1710 3736 1858 3813 δ’ἐκ
1910 3743 2055 3811 τῶν
2104 3745 2627 3835 πεπραγμένων
2680 3734 2946 3826 αὐτοῖς

509 3854 765 3958 ῥᾴδιον
801 3861 1088 3949 γνῶναι.
1185 3855 1554 3931 Concludit
1586 3856 1813 3953 igitur
1847 3856 2325 3955 paragraphis
2367 3858 2463 3930 74
2499 3860 2685 3953 (pag.
2724 3856 2953 3951 1161,

507 4002 574 4052 v.
613 3978 737 4070 21)
790 3981 858 4049 et
910 3977 1365 4071 sequentibus
1419 4001 1646 4073 usque
1699 3976 1787 4051 ad
1838 4001 2081 4075 parag.
2121 3978 2217 4051 78
2269 3982 2455 4075 (pag.
2495 3977 2714 4070 1163,
2762 4000 2828 4048 V.
2868 3978 2951 4071 9)

509 4123 554 4172 6·
609 4099 820 4170 rebus
886 4120 930 4169 a
980 4096 1417 4193 Theophemo
1479 4097 1917 4193 testibusque
1980 4097 2136 4171 eius
2198 4099 2421 4194 gestis
2492 4104 2701 4193 atque
2762 4097 2955 4191 inde,

509 4216 842 4314 quomodo
896 4240 971 4291 se
1023 4218 1102 4290 in
1155 4224 1497 4292 oratorem
1549 4218 1663 4290 illi
1716 4224 2111 4315 gesserunt,
2168 4219 2651 4292 testimonium
2702 4240 2952 4291 eorum

509 4338 774 4412 falsum
845 4362 1016 4417 esse.
1122 4338 1490 4412 Concludit
1557 4338 1743 4432 illos,
1811 4339 1876 4411 si
1944 4337 2175 4413 multa
2221 4340 2521 4436 pignora
2573 4338 2959 4434 cepissent,

512 4466 813 4533 actorem
881 4459 1181 4532 libenter
1249 4484 1294 4532 a
1371 4460 1496 4532 lite
1562 4462 2213 4560 ψευδομαρτυριῶν
2287 4484 2442 4534 6886
2514 4458 2956 4533 destiturum
