3200 5150
1276 401 1740 474 ...7.-

267 613 636 708 τουργιῶν
683 611 806 682 καὶ
859 605 1006 682 ’τῶν
1056 612 1420 707 εἰσφορῶν
1473 610 1596 682 καὶ
1648 611 1780 708 τῆς
1831 603 2017 708 πρὸς
2064 607 2260 703 ὑμᾶς
2312 610 2730 707 φιλοτιμίας

271 723 374 801 τὰ
428 733 564 823 μὲν
617 734 920 827 ἐνέχυρα
973 739 1203 800 κεῖται
1255 725 1524 817 αὐτῶν,
1579 722 1671 800 τὰ
1726 728 1803 800 δὲ
1856 735 2241 823 πέπραται.

486 882 816 953 Actorem
883 886 1090 954 extra
1155 882 1400 954 urbem
1467 879 1916 954 habitavisse
1986 886 2053 954 et
2114 903 2370 978 agrum
2424 880 2729 955 coluisse

270 999 752 1096 comperimus
806 1022 896 1072 ex
947 1023 1192 1097 parag.
1231 1000 1328 1074 63
1383 1000 1529 1097 (pg.
1567 1000 1766 1074 1158
1816 1023 1883 1073 V.
1924 1000 2017 1073 10
2056 998 2228 1098 sqq.)
2284 1000 2524 1074 verbis
2570 1000 2723 1074 his:

269 1121 316 1194 ὁ
388 1123 460 1194 δ’
528 1117 843 1218 Εὔεργος
909 1119 1162 1194 οὑτοσὶ
1228 1116 1460 1209 εὐθὺς
1531 1127 1607 1194 ἐκ
1681 1126 1813 1220 τῆς
1882 1117 2157 1211 πόλεως
2226 1121 2394 1216 μεθ’
2464 1130 2727 1220 ἑτέρων

278 1240 558 1334 ὁμοίων
595 1238 794 1336 αὐτῷ
833 1236 1080 1313 ἐλθών
1114 1247 1220 1329 εἰς
1255 1234 1482 1336 ἀγρόν
1521 1262 1575 1312 e.
1612 1263 1675 1336 q.
1712 1263 1766 1312 s,
1785 1236 1835 1332 1)
1937 1238 2167 1313 Extra
2219 1243 2465 1315 urbem
2518 1242 2726 1316 habi-

269 1359 466 1433 tavit
517 1355 729 1458 ,πρὸς
781 1364 881 1456 τῷ
936 1356 1392 1459 ἱπποδρόμῳ(
1446 1359 1557 1453 (cf.
1613 1363 1655 1449 ἓ
1712 1360 1830 1452 53,
1880 1382 1993 1456 pg.
2052 1361 2269 1454 1155,
2319 1383 2387 1434 v.
2442 1362 2487 1434 9
2544 1384 2723 1457 sqq.:

272 1485 560 1579 γεωργῶ
631 1481 709 1552 δὲ
774 1475 959 1578 πρὸς
1024 1484 1122 1576 τῷ
1195 1475 1623 1578 ἱπποδρόμῳ
1690 1483 1814 1552 καὶ
1866 1485 2041 1553 οἰκῶ
2096 1484 2398 1555 ἐνταῦθ’
2452 1489 2526 1555 ἐκ
2578 1509 2728 1575 μει-

273 1598 582 1698 ρακίου).
687 1596 1070 1686 Quaeritur
1121 1604 1379 1690 autem,
1429 1604 1590 1671 utro
1642 1598 1725 1670 de
1776 1597 2229 1695 hippodromo
2288 1607 2526 1674 nostro
2578 1601 2727 1674 loco

275 1725 562 1816 agatur,
613 1724 860 1790 utrum
897 1724 1091 1790 actor
1125 1739 1335 1812 prope
1385 1716 1925 1814 hippodromum
1979 1718 2065 1791 ad
2102 1719 2405 1792 Ilissum
2454 1721 2729 1794 flumen

273 1840 503 1913 situm
572 1861 670 1911 an
731 1838 822 1910 ad
874 1837 1154 1910 Piraeei
1222 1836 1761 1934 hippodromum
1827 1837 2278 1913 habitaverit.
2381 1842 2491 1914 Ac
2542 1840 2728 1912 mihi

271 1959 562 2056 quidem
633 1981 790 2031 esse
862 1956 1257 2030 verisimile
1328 1957 1613 2030 videtur
1684 1958 1766 2029 de
1831 1957 1957 2031 illo
2028 1958 2481 2055 cogitandum
2554 1983 2727 2032 esse.

271 2079 509 2168 Quam
537 2077 625 2150 ad
657 2076 1081 2150 sententiam
1115 2077 1454 2171 perducor
1477 2099 1723 2174 parag.
1755 2077 1848 2150 76
1878 2077 2064 2174 (pag.
2098 2079 2316 2172 1162,
2340 2103 2406 2152 v,
2434 2079 2522 2153 11
2550 2079 2725 2174 sqq.)

270 2200 402 2273 ubi
472 2196 650 2270 haec
701 2197 1078 2293 leguntur:
1123 2194 1401 2296 ,ἐπειδὴ
1469 2194 1534 2270 δ’
1579 2194 1958 2298 ἐπήγγειλα
2010 2195 2207 2296 αὐτῷ
2262 2204 2729 2294 κομίσασθαι

271 2317 411 2420 τὴν
481 2320 714 2416 δίκην,
787 2313 1032 2390 ἐλθών
1085 2343 1230 2411 μου
1283 2313 1375 2389 τοί
1428 2345 1502 2390 τε
1553 2313 1770 2416 σκεύη
1804 2373 1823 2390 .
1854 2374 1871 2389 .
1906 2375 1920 2389 .
1957 2375 1973 2390 .
2039 2321 2299 2412 ἔλαβεν
2366 2317 2533 2392 ἀντὶ
2598 2324 2728 2392 τοῦ

271 2437 698 2530 ἀπολαβεῖν.
784 2441 1064 2528 γεωργῶ
1104 2437 1180 2508 δὲ·
1216 2433 1400 2527 πρὸς
1438 2441 1534 2534 τῷ
1590 2434 2043 2536 ἱπποδρόμῳ,
2101 2437 2283 2512 ὥστε
2335 2435 2422 2512 οὐ
2474 2435 2725 2539 πόρρω

269 2562 418 2635 «ἔδει
467 2554 694 2633 αὐτὸν
742 2559 1005 2631 ἐλθεῖν.
1108 2554 1374 2628 Verbis
1428 2556 1766 2629 extremis
1819 2557 2002 2652 quod
2052 2563 2246 2632 actor
2296 2558 2469 2633 dicit
2516 2558 2727 2655 longo

267 2679 531 2753 itinere
570 2679 659 2751 ab
693 2677 868 2749 urbe
917 2676 1005 2749 ad
1061 2698 1272 2749 suum
1327 2698 1584 2773 agrum
1637 2700 1780 2750 non
1831 2700 2007 2774 opus
2058 2678 2306 2773 fuisse,
2354 2680 2427 2752 id
2476 2678 2725 2775 hippo·—

267 2802 514 2874 dromo
589 2797 680 2869 ad
748 2797 1052 2869 Ilissum
1123 2796 1395 2868 flumen
1464 2797 1599 2869 sito
1668 2797 1905 2894 magis
1978 2800 2353 2872 convenire
2425 2799 2727 2873 videtur.

267 2920 427 3008 Quo
482 2917 768 3009 accedit,
819 2916 1000 3012 quod
1055 2939 1225 3012 ager
1277 2916 1366 2989 ad
1408 2915 1690 2989 Piraeei
1740 2918 2278 3014 hippodromum
2331 2919 2461 2991 vix
2512 2926 2724 3014 aptus

268 3039 364 3113 ad
421 3038 790 3111 colendum
842 3036 1078 3108 fuerit.

483 3190 994 3289 Theophemus‚
1068 3189 1186 3261 cui
1267 3195 1460 3262 actor
1534 3189 1735 3263 litem
1797 3191 2236 3265 iniuriarum
2309 3192 2727 3285 intenderat,

270 3336 443 3387 cum
469 3309 906 3384 Demochare
943 3308 1523 3403 syntrierarchus
1559 3310 1701 3382 fuit
1733 3310 1946 3406 paulo
1982 3317 2146 3383 ante
2182 3333 2456 3383 annum
2486 3307 2722 3407 357s6

269 3432 408 3527 (01.
468 3431 634 3505 105.
687 3430 764 3522 4)
839 3428 949 3524 (cf.
1005 3431 1047 3519 ἓ
1105 3428 1222 3521 22,
1292 3452 1452 3525 pag.
1508 3431 1705 3504 1145
1760 3454 1826 3503 v,
1883 3430 1980 3505 23
2037 3430 2162 3526 sq.)
2230 3438 2299 3503 et
2367 3454 2531 3504 cum
2596 3428 2723 3504 illo

267 3552 381 3625 rei
448 3548 779 3646 publicae
843 3555 1290 3621 armamenta
1357 3549 1572 3622 navis
1627 3550 1880 3623 debuit.
1984 3550 2295 3639 Quorum
2311 3545 2369 3645 2)
2420 3551 2725 3626 indicem

267 3671 628 3745 redditum
683 3692 838 3741 esse
891 3674 973 3739 ut
1023 3690 1112 3739 ex
1165 3669 1476 3741 oratione
1529 3675 1822 3765 apparet
1872 3670 2080 3775 (cfrg
2118 3670 2239 3764 43,
2289 3693 2452 3769 pag.
2508 3671 2726 3766 1152,

269 3816 344 3865 v.
403 3790 496 3863 12
551 3787 700 3885 sq),
747 3788 854 3861 ita
903 3810 942 3859 e
994 3787 1202 3860 titulo
1254 3786 1777 3884 Theophemum
1830 3796 1897 3862 et
1948 3788 2432 3864 Democharen
2484 3813 2725 3864 arma-

273 3918 520 3984 menta
585 3908 974 3981 reddidisse
1055 3908 1565 4003 cognoscimus.
1684 3908 1947 3981 Exstat
2014 3909 2204 3982 enim
2273 3910 2529 3982 titulus
2602 3910 2723 3983 hic

274 4031 389 4127 (cf.
457 4031 530 4106 C.
579 4030 636 4103 Ι.
689 4030 776 4101 A.
840 4027 946 4121 ΙΙ,
1020 4022 1247 4119 794ᾱ,
1317 4029 1414 4100 54
1471 4026 1681 4123 sqq.):
1766 4025 2218 4129 Δημοχάρην
2284 4029 2723 4127 Παιαν[ιᾶ],

283 4148 674 4251 Θεόφημον
730 4146 1157 4241 Εὐωνυμέα,
1225 4141 1322 4240 [ἅ]
1392 4150 1504 4219 ἐπὶ
1576 4176 1711 4247 την
1764 4146 2025 4248 Εὐφυᾶ
2092 4143 2451 4249 εὔφαμον,
2517 4150 2722 4243 15]πο-

456 4384 495 4450 ¹)
535 4387 597 4443 et
631 4386 661 4452 §
695 4384 766 4443 53
801 4384 917 4453 (pg.
955 4384 1105 4451 1155,
1141 4401 1196 4439 v.
1231 4384 1267 4443 9
1301 4384 1426 4453 sq).

449 4470 494 4537 2)
531 4470 570 4527 i.
607 4486 656 4528 e.
691 4486 912 4539 eorum,
950 4486 1102 4539 quae
1137 4466 1554 4539 Theophemus
1588 4468 1808 4528 debuit.
