3200 5150
1286 396 1801 468 -9..„.
2307 390 2323 422 *

305 599 690 672 Periandri
754 599 875 671 lex
897 595 942 690 ¹)
1012 600 1295 672 iubebat
1357 599 1697 672 debitores
1766 600 2070 696 recipere
2136 607 2203 672 et
2274 601 2470 673 aliud
2536 622 2755 695 popu·-

305 718 634 792 liscitum
686 723 974 816 cogebat
1020 739 1592 815 unumquemque
1640 743 1741 811 ea,
1794 743 1972 814 quae
2025 719 2090 792 ei
2140 729 2343 792 erant
2396 719 2757 810 attributa,

301 861 612 935 exigere.
665 881 764 894 —-

518 993 722 1067 Forte
759 1000 1138 1066 aetertum
1176 992 1615 1065 trierarchus
1664 999 1732 1066 et
1784 992 2211 1087 symmoriae
2262 1015 2547 1088 praeses
2599 991 2757 1084 fuit,

305 1111 784 1186 Demochares
856 1120 1091 1186 autem
1160 1111 1631 1185 Paeaniensis
1699 1113 2010 1185 eiusdem
2090 1112 2519 1205 symmoriae
2561 1118 2757 1184 'cum

297 1231 748 1328 Theophemo
794 1233 897 1306 rei
943 1232 1268 1329 publicae
1321 1238 1767 1306 armamenta
1819 1232 2107 1306 debebat
2152 1231 2757 1326 'syntrierarchus

301 1352 502 1439 Quos
543 1361 902 1426 curatores
939 1352 1336 1445 navalium,
1388 1375 1550 1426 cum
1589 1377 1632 1425 a
1670 1352 2055 1447 superioris
2098 1351 2274 1424 anni
2311 1353 2754 1425 curatoribus

291 1473 760 1568 recepissent,
813 1473 1037 1546 actori
1071 1496 1160 1546 ex
1204 1473 1358 1570 lege
1411 1479 1478 1545 et
1530 1472 1977 1568 populiscitis
2032 1471 2489 1566 tradiderunt,
2536 1479 2617 1544 ut
2668 1473 2757 1544 ab

293 1593 420 1664 eis
457 1592 686 1667 debita
722 1593 1052 1689 exigeret.
1155 1591 1600 1689 Quamquam
1638 1591 1865 1688 igitur
1900 1599 2094 1664 actor
2142 1593 2495 1687 prioribus
2540 1591 2754 1664 annis

296 1711 582 1784 multas
654 1736 880 1785 naves
956 1713 1110 1784 suis
1180 1712 1502 1807 pecuniis
1556 1719 1997 1804 armaverat,
2078 1716 2230 1783 tum
2300 1719 2583 1785 coactus
2650 1719 2757 1784 est

291 1833 556 1905 omnia
621 1833 1030 1906 necessaria
1096 1833 1394 1928 exigere.
1497 1832 1747 1928 Itaque
1810 1837 2182 1926 postquam
2234 1831 2757 1928 Theophemum

288 1953 590 2048 recepit,
642 1977 686 2026 a
722 1975 858 2048 quo
893 1953 1205 2050 exigeret
1239 1952 1488 2044 debita,
1541 1935 1703 2024 eum
1739 1951 2069 2024 convenit
2102 1943 2469 2047 debitaque
2511 1959 2753 2048 postu-

295 2072 515 2144 lavit.
617 2073 810 2161 Quae
846 2095 1009 2145 cum
1043 2072 1168 2145 ille
1203 2095 1344 2144 non
1383 2071 1706 2163 dedisset,
1757 2077 1952 2143 actor
2003 2067 2524 2164 ἀποστολέαςῖ)
2579 2072 2758 2145 adiit

290 2200 383 2264 et
431 2192 809 2265 navalium
857 2188 1306 2284 curatores3),
1357 2193 1617 2287 quibus
1671 2198 1825 2263 tum
1879 2191 2040 2264 lites
2092 2192 2173 2263 de
2227 2191 2583 2265 classibus
2638 2217 2755 2265 ar-

293 2312 596 2386 mandis
648 2319 840 2385 ortae
893 2319 1097 2385 erant
1148 2311 1643 2385 diiudicandae
1694 2317 1762 2384 et
1794 2310 2319 2406 Theophemum
2370 2312 2758 2385 accusavit.

294 2437 648 2505 Attamen
717 2454 880 2504 eum
948 2431 1418 2504 Demochares
1480 2431 1863 2504 damnatus
1930 2431 2008 2503 in
2076 2430 2337 2503 iudicio
2406 2454 2586 2526 quae
2640 2432 2754 2504 de-

289 2553 518 2627 bebat
551 2551 984 2645 reddidisset,
1033 2551 1519 2648 Theophemus
1557 2551 1647 2625 ad
1687 2547 1969 2625 'tantam
2022 2551 2543 2648 improbitatem
2595 2576 2753 2649 pro-

300 2674 566 2766 cessit,
647 2679 730 2745 ut
810 2695 962 2745 rem
1036 2672 1396 2767 publicam
1472 2672 1938 2745 armamentis
2009 2672 2296 2768 privare
2367 2680 2756 2745 conaretur.

293 2794 451 2883 Qui
485 2816 918 2889 quamquam
957 2792 1144 2888 apud
1179 2791 1447 2865 iudices
1486 2815 1628 2864 non
1672 2798 2061 2889 negaverat
2114 2804 2188 2866 se
2241 2792 2481 2865 debere
2533 2816 2757 2888 neque

489 3090 526 3155 ¹)
562 3088 635 3148 cf.
673 3088 749 3148 de
791 3088 904 3148 hae
938 3088 1070 3159 lege
1105 3088 1364 3149 Bockhi:
1419 3088 1664 3149 Seeurk.
1700 3105 1796 3159 pg.
1832 3090 1950 3148 178.
1985 3119 2053 3128 —
2087 3087 2368 3147 orationis
2402 3089 2580 3148 verba
2614 3094 2757 3149 sunt

287 3178 457 3235 haec
491 3177 542 3244 (ἓ
569 3176 653 3245 21,
690 3192 786 3246 pg.
823 3177 972 3245 1145,
1011 3178 1076 3235 17
1112 3174 1292 3245 sqq.):
1343 3174 1373 3235 ὃ
1419 3180 1475 3234 δὲ
1515 3172 1691 3250 νόμος
1733 3174 1763 3234 ὃ
1807 3176 1907 3234 τοῦ
1953 3172 2306 3252 Περιάνδρου
2344 3172 2619 3251 ἠνάγκαζε
2660 3181 2756 3236 καὶ

285 3276 632 3349 προσέταττε
698 3275 1048 3347 παραλαβεῖν
1099 3270 1226 3337 τοὺς
1284 3268 1611 3342 ὀφείλοντας
1666 3268 1733 3325 τοὶ
1792 3265 1989 3340 σκεύη,
2056 3264 2266 3325 καθ’ὃν
2328 3270 2389 3326 αἱ
2447 3275 2757 3345 συμμορίαι

291 3360 749 3435 συνετάχθησαν.
819 3362 1133 3422 Reiskium
1166 3366 1228 3421 et
1263 3360 1646 3421 Schaeferum
1694 3359 1940 3419 offendit
1989 3358 2150 3430 quod
2196 3358 2377 3419 verba
2423 3359 2654 3429 ,καθ’ὃν
2694 3368 2755 3423 αῖ

287 3460 621 3533 συμμορίαι
647 3457 1109 3529 συνετάχθησαν,
1147 3456 1338 3527 posita
1374 3459 1516 3515 Sunt
1552 3458 1692 3525 post
1726 3454 1810 3520 ,τὰ
1837 3454 2051 3528 σκεύηῑ.
2118 3453 2362 3513 Reiskio
2399 3452 2635 3515 Videtur
2656 3456 2755 3516 hic

289 3550 479 3607 locus
531 3546 596 3606 in
647 3548 873 3608 luxatis
923 3549 1205 3609 orationis
1255 3548 1404 3609 locis
1456 3565 1615 3617 esse;
1670 3546 1951 3608 Schaefer
2002 3566 2184 3620 quem
2239 3547 2511 3619 sequitur
2554 3549 2758 3621 Roget

286 3632 702 3700 (Fleckeiseni
735 3634 930 3694 annal.
966 3636 1099 3695 1891
1135 3652 1232 3705 pg.
1265 3635 1390 3701 820)
1439 3634 1778 3705 suspicatur
1822 3634 1888 3692 in
1930 3638 2165 3693 textum
2207 3633 2519 3705 irrepsisse
2560 3636 2755 3705 verba,

290 3735 464 3789 quae
486 3717 781 3789 interpres
804 3721 1059 3791 margini
1081 3720 1455 3790 ascripsisset
1489 3718 1741 3794 ,mo’b‘v‘
1777 3736 1827 3778 e.
1852 3738 1907 3789 q.
1934 3737 1981 3779 s.
2038 3717 2304 3792 Quarum
2328 3719 2757 3785 sententiarum

291 3803 665 3877 probabilior
707 3822 839 3865 esse
881 3805 1031 3865 mihi
1072 3806 1310 3865 videtur
1350 3804 1596 3873 Reiskii‚
1640 3822 1781 3865 cum
1826 3804 1887 3863 in
1935 3822 2085 3876 vago
2120 3809 2301 3874 atque
2334 3805 2472 3864 laxo
2518 3805 2755 3868 dicendi

289 3906 528 3961 genere
561 3891 810 3951 oratoris
854 3909 976 3950 non
1018 3890 1299 3961 dubitem,
1344 3889 1492 3961 quin
1525 3890 1630 3949 illa
1664 3891 1842 3951 verba
1875 3892 1948 3950 ab
1982 3890 2113 3962 ipso
2148 3890 2271 3949 sint
2304 3890 2525 3961 addita,
2542 3891 2755 3962 »itaque

283 3993 449 4036 cum
482 3974 728 4035 Reiskio
763 3976 1046 4035 scribam:
1095 3975 1209 4037 ὅδὲ
1236 3979 1405 4053 νόμος
1431 3974 1461 4036 ὃ
1493 3980 1592 4036 τοῦ
1638 3976 2007 4056 Περιάνδρου,
2051 3981 2194 4037 καθ’
2236 3975 2299 4037 ὃν
2341 3980 2402 4036 αἱ
2444 3985 2755 4057 συμμορίαι

290 4068 756 4143 συνετάχθησαν,
797 4068 1072 4148 ἠνάγκαζε
1111 4087 1163 4129 e.
1198 4087 1253 4140 q.
1291 4086 1338 4128 8.
2811 4074 2815 4079 ’

278 4258 383 4334 (9)
418 4263 452 4325 I
481 4179 526 4247 2)
564 4180 639 4241 de
671 4178 1082 4324 ἱαέἔοστολεῖνσα
1123 4180 1198 4240 cf.
1233 4178 1443 4239 Meieri
1488 4182 1550 4238 et
1585 4178 1981 4239 Sehoemanni
2016 4179 2151 4240 libri
2185 4179 2261 4240 de
2295 4178 2502 4239 litibus
2536 4179 2754 4239 Atticis

313 4312 354 4326 ..
453 4310 468 4334 ,
502 4282 634 4337 pag.
775 4309 788 4323 .

481 4366 523 4433 3)
565 4372 644 4443 ,οἳ
683 4368 783 4427 τῶν
822 4374 1057 4445 νεωρίων
1095 4373 1456 4446 ἐπιμεληταίθ,
1507 4366 1582 4426 Of.
1618 4366 1849 4427 Bt'jckhi
1884 4365 2129 4428 Seeurk.
2174 4385 2305 4438 pag.
2339 4368 2410 4426 48
2458 4372 2518 4426 et
2552 4366 2755 4427 Melet.

276 4467 366 4525 et
402 4460 675 4523 Schoem.
708 4460 823 4519 litt.
857 4461 978 4519 Att.
1014 4462 1089 4530 (2)
1126 4461 1173 4532 Ι,
1207 4478 1339 4533 pag.
1375 4464 1492 4521 111.
